3109 5375
1544 574 1971 635 ...26-

635 742 895 809 saeculo
937 764 992 809 a.
1034 742 1179 808 Chr.
1223 766 1283 806 n.
1328 743 1412 809 ad
1456 742 1743 809 fabulam
1791 742 2183 809 fulciendam
2224 741 2557 827 pistricem
2601 741 2669 805 in
2713 761 2902 805 sacro

633 856 853 920 Liberi
910 856 1223 939 posuisse.
1327 854 1569 919 Contra
1631 861 1907 941 apparet
1962 837 2376 938 Tanagraeas
2440 852 2713 918 feminas
2771 874 2902 918 non

635 968 842 1050 egisse
873 967 1144 1047 festum3
1190 966 1303 1032 sed
1333 967 1500 1031 tales
1529 988 1633 1033 res
1665 968 1921 1051 publice
1956 968 2289 1032 institutas
2324 987 2480 1031 esse.
2548 966 2904 1031 Praeterea

634 1080 823 1149 docui
867 1080 1066 1144 verba
1111 1080 1476 1149 Pausaniae
1520 1100 1646 1145 non
1694 1082 1950 1153 omnino
2003 1078 2366 1161 significare
2430 1078 2723 1158 feminae,
2787 1078 2903 1143 sed

635 1197 848 1257 certas
908 1192 1212 1271 feminas,
1291 1191 1633 1275 collegium
1709 1192 2153 1271 sacerdotum,
2226 1191 2431 1274 quod,
2508 1191 2901 1275 ubicumque

631 1304 828 1371 Liber
861 1303 1215 1383 colebatur,
1261 1303 1533 1369 inveniri
1578 1310 1797 1388 potest
1842 1303 1949 1385 (cf.
1984 1305 2301 1387 Weniger‚
2352 1308 2427 1369 16
2460 1304 2714 1369 Frauen
2751 1302 2790 1366 1.
2819 1304 2901 1386 c.)

631 1417 918 1501 exeeptis
962 1416 1260 1499 Phigalia
1306 1420 1369 1481 et
1415 1416 1757 1507 Melangia,
1818 1417 1930 1481 ubi
1991 1438 2207 1482 mares
2264 1421 2450 1481 erant
2508 1415 2905 1481 sacerdotes,

629 1528 856 1611 Neque
909 1549 1062 1592 vero
1121 1528 1320 1593 solum
1382 1527 1543 1594 illud
1590 1528 1929 1613 collegium
1976 1529 2078 1593 die
2127 1529 2396 1593 solemni
2458 1528 2648 1593 deum
2710 1549 2903 1593 vene-

631 1640 923 1717 rabatur,
983 1639 1097 1705 sed
1144 1661 1363 1705 omnes
1411 1642 1615 1721 cives3
1676 1646 1903 1706 contra
1945 1640 2039 1704 illi
2086 1641 2353 1723 collegio
2397 1662 2665 1706 munera
2710 1662 2906 1705 sacra

629 1752 942 1818 mandata
987 1759 1190 1828 erant,
1250 1754 1486 1837 quibus
1530 1758 1738 1818 totum
1782 1774 1901 1837 per
1947 1774 2185 1817 annum
2230 1753 2699 1837 fungebantur3
2759 1758 2905 1817 tum

628 1869 847 1930 autem
895 1864 1124 1930 diebus
1167 1866 1353 1931 festis
1401 1887 1591 1931 sacra
1630 1866 1726 1930 illi
1774 1872 1960 1930 erant
2004 1865 2327 1931 faciunda.

804 1978 942 2042 Nec
967 1978 1176 2043 minus
1211 2000 1291 2043 ex
1328 1978 1543 2043 verbis
1574 1978 1733 2043 meis
1766 1984 2043 2062 apparet
2078 1978 2450 2043 sacerdotes
2483 1978 2909 2062 Tanagraeos

633 2090 990 2155 Bacchicos
1053 2112 1177 2155 non
1245 2091 1476 2172 fuisse3
1540 2110 1736 2173 quam
1796 2091 1879 2155 ob
1938 2112 2073 2157 rem
2126 2091 2459 2175 pistricem
2519 2112 2908 2174 comparare

637 2203 1012 2267 sacerdotes
1069 2202 1419 2267 Bacchiaci
1484 2225 1611 2268 non
1668 2210 2039 2287 potuerunt,
2104 2209 2457 2287 potuerunt
2516 2204 2907 2286 Tanagraei.

633 2314 878 2405 Quibus
938 2316 1136 2380 rebus
1201 2292 1657 2381 demonstratis
1702 2336 1782 2379 ne
1840 2336 1919 2380 ea
1967 2316 2256 2399 quidem,
2317 2336 2485 2399 quae
2543 2315 2692 2380 inde
2750 2336 2909 2381 con·

631 2427 822 2491 clusit
869 2426 1226 2509 Wernicke,
1272 2429 1538 2493 retineri
1582 2434 1869 2512 possunt.

808 2542 1112 2605 Attamen
1161 2562 1240 2605 ex
1284 2540 1510 2605 fabula
1568 2541 1729 2605 duos
1790 2543 2000 2607 cultus
2063 2562 2300 2624 eosque
2343 2541 2513 2605 inter
2560 2562 2628 2605 se
2674 2540 2909 2605 adver-

632 2652 838 2718 sarios
883 2653 1207 2719 exstitisse
1257 2654 1460 2718 conici
1504 2652 1696 2718 facile
1740 2659 1973 2739 potest.

799 2765 960 2830 Mihi
1027 2767 1286 2849 quidem
1353 2766 1623 2831 fortuito
1702 2767 1897 2831 Liber
1966 2789 2109 2831 cum
2174 2765 2438 2834 Tritone
2520 2767 2905 2832 coniunctus

629 2899 770 2942 esse
815 2878 1102 2959 videtur3
1157 2885 1294 2943 tum
1342 2884 1579 2958 autem,
1626 2884 1699 2942 ut
1744 2901 1821 2942 ea
1864 2878 2087 2944 fabula
2132 2879 2586 2962 explicaretur,
2650 2878 2906 2944 adscita

629 2996 728 3054 est
757 2989 1144 3056 feminarum
1171 2990 1473 3055 lustratio
1507 2993 1703 3056 tertio
1737 3013 1993 3074 quoque
2027 2983 2194 3056 anno
2225 2997 2375 3056 ante
2412 2991 2630 3056 Liberi
2664 2991 2901 3056 festum

626 3102 944 3168 instituta.
1055 3103 1211 3167 Cum
1290 3104 1457 3168 enim
1535 3104 1833 3168 Bacchus
1916 3103 2136 3168 multis
2218 3104 2452 3188 pugnis
2531 3103 2903 3169 interfuisse

629 3214 972 3294 diceretur,
1034 3215 1197 3280 haec
1255 3237 1512 3298 quoque
1571 3215 1797 3280 fabula
1848 3222 2005 3280 nata
2066 3223 2179 3282 est.
2272 3217 2355 3280 Et
2404 3238 2546 3281 cum
2610 3218 2902 3300 portenti

629 3333 827 3410 caput
884 3326 1199 3410 paulatim
1262 3329 1581 3414 periisset,
1638 3328 1833 3393 aliam
1892 3327 2153 3393 fabulae
2204 3328 2479 3394 formam
2544 3329 2900 3410 excogitari

631 3460 792 3521 opus
872 3445 1040 3518 erat,
1122 3460 1252 3520 qua
1325 3446 1744 3504 enarraretur
1808 3441 2137 3523 Tritonem
2214 3447 2613 3525 pugnantem
2705 3449 2902 3524 caput

629 3552 938 3631 amisisse,
997 3557 1062 3615 et
1109 3573 1187 3616 ex
1227 3551 1574 3616 Euhemeri
1628 3553 1881 3618 ratione
1936 3574 2061 3617 non
2122 3554 2252 3618 iam
2295 3553 2682 3618 tradebatur
2740 3553 2899 3618 deus

626 3663 1026 3728 interfecisse
1087 3669 1459 3748 portentum
1518 3686 1834 3748 pugnans,
1898 3666 2011 3730 sed
2058 3665 2490 3730 tradebantur
2534 3666 2898 3748 Tanagraei

628 3774 930 3840 allectum
978 3775 1082 3840 dei
1125 3776 1293 3841 dono
1342 3783 1407 3841 et
1443 3783 1731 3860 captum.
1823 3779 1964 3856 Qua
2022 3779 2088 3841 in
2140 3799 2211 3842 re
2258 3799 2508 3842 summa
2554 3778 2647 3842 vis
2690 3783 2787 3842 est
2830 3779 2896 3842 in

628 3888 806 3968 vino;
856 3893 1112 3954 ceterae
1156 3911 1262 3953 res
1307 3889 1573 3956 minoris
1620 3895 1770 3954 sunt
1808 3891 2130 3954 momenti.

803 4002 943 4078 Quo
1013 4001 1374 4066 crebriores
1456 4008 1717 4067 exstant
1790 4008 2046 4066 statuae
2116 4007 2181 4068 et
2246 4002 2583 4085 imagines,
2661 4001 2893 4085 quibus

626 4113 923 4177 Bacchus
956 4119 1484 4196 repraesentatus
1514 4120 1613 4178 est
1646 4115 2014 4180 luxuriosus
2060 4119 2125 4178 et
2160 4114 2389 4189 molliS,
2434 4135 2508 4178 eo
2556 4115 2765 4196 magis
2798 4123 2894 4179 est

622 4224 1009 4290 monendum
1049 4247 1177 4290 non
1215 4247 1469 4310 semper
1513 4227 1713 4292 talem
1751 4227 2043 4292 homines
2087 4227 2280 4292 deum
2324 4226 2449 4290 sibi
2476 4227 2891 4308 excogitasse,

628 4338 742 4400 sed
801 4359 1264 4420 saepenumero
1311 4339 1722 4412 bellicosum.
1824 4338 2044 4404 Talem
2108 4339 2299 4402 deum
2363 4339 2775 4421 cognovimus
2827 4340 2893 4403 in

626 4450 1149 4542 gigantomachia
1209 4451 1315 4535 (cf.
1347 4452 1577 4524 Horaz.
1618 4474 1809 4520 carm.
1851 4460 1902 4531 l,
1954 4457 2049 4532 12,
2098 4456 2225 4535 21),
2287 4471 2405 4516 nec
2456 4451 2665 4516 minus
2711 4450 2892 4516 dimi-
