3109 5375
1387 578 1820 640 -34-

471 749 808 817 Herodoto
877 753 1047 817 teste
1105 748 1398 815 Thebani
1459 750 1523 815 vi
1582 749 1745 815 illud
1808 768 1889 815 ex
1934 746 2095 813 Delo
2152 746 2367 813 insula
2423 747 2493 812 in
2548 766 2741 814 sunm

468 862 724 929 Delium
769 862 895 927 XX
943 862 1130 929 annis
1171 867 1324 947 post
1365 861 1785 927 reduxerunt.

644 976 947 1041 Attamen
977 973 1156 1040 aliud
1185 974 1520 1040 lucramur
1553 996 1637 1039 ex
1665 974 1791 1039 hac
1829 972 2303 1059 disputatione:
2344 972 2739 1037 Pausaniam

468 1108 595 1151 non
657 1086 1032 1153 adhibuisse
1091 1087 1204 1152 illo
1270 1088 1414 1152 loco
1473 1086 1793 1152 Herodoti
1854 1086 2111 1166 librum,
2184 1105 2395 1167 neque
2460 1083 2740 1148 eundem

468 1198 732 1265 fontem.
792 1199 1018 1282 Neque
1056 1201 1220 1265 enim
1263 1200 1508 1281 dubito,
1534 1200 1709 1284 quin,
1739 1199 1794 1264 si
1820 1200 1886 1263 in
1922 1198 2101 1263 fonte
2136 1198 2449 1283 scriptum
2478 1196 2739 1263 fuisset:

467 1311 727 1399 Δήλιον
769 1310 848 1381 τὸ
895 1316 1236 1399 Θηβαίων,
1299 1312 1433 1378 sive
1493 1310 1668 1398 apud
1733 1311 2165 1389 Herodotum,
2232 1292 2365 1376 sive
2431 1310 2496 1374 in
2558 1309 2741 1374 fonte

469 1424 808 1505 communi,
847 1424 1138 1491 futurum
1167 1424 1383 1505 fuerit,
1432 1430 1505 1490 ut
1535 1424 1801 1491 eandem
1832 1423 1942 1489 ille
1984 1423 2376 1508 scripturam
2405 1410 2739 1487 retineret.

468 1537 822 1603 Praeterea
879 1542 1040 1622 puto
1104 1537 1288 1605 illum
1363 1557 1492 1603 non
1562 1537 2069 1623 praeteriturum
2143 1536 2344 1602 fuisse
2414 1534 2561 1599 illas
2628 1556 2740 1599 res

469 1649 776 1733 singulas,
834 1671 1003 1734 quae
1060 1649 1127 1715 in
1171 1650 1490 1716 Herodoti
1548 1650 1923 1716 narratione
1984 1654 2263 1729 exstant,
2308 1670 2453 1715 cum
2499 1648 2743 1713 soleret

469 1783 510 1828 a
565 1783 637 1827 re
691 1762 892 1828 latius
952 1762 1286 1829 discedere
1351 1769 1420 1828 et
1481 1762 1713 1847 longas
1778 1762 2015 1828 afferre
2078 1764 2507 1855 narrationes,
2570 1783 2743 1845 quae

468 1895 738 1959 prorsus
781 1896 909 1941 non
955 1898 990 1941 e
1033 1897 1106 1942 re
1151 1882 1318 1956 sunt,
1364 1877 1462 1942 ita
1502 1883 1580 1942 ut
1620 1876 1728 1941 hic
1768 1876 1951 1942 locus
1994 1875 2352 1941 abhorreat
2392 1875 2478 1941 ab
2521 1874 2740 1940 indole

470 1992 538 2050 et
581 1993 817 2052 natura
870 1988 1261 2072 periegetae.
1350 1989 1559 2069 Quam
1620 1989 1703 2054 ob
1765 2010 1923 2070 rem,
1977 2009 2125 2054 cum
2180 2009 2308 2053 non
2367 1987 2741 2072 ignoremus

469 2119 614 2164 eum
681 2100 1055 2185 saepissime
1113 2106 1312 2185 atque
1373 2100 1864 2185 diligentissime
1922 2099 2239 2167 Herodoti
2293 2093 2490 2185 opere
2549 2122 2740 2165 usum

473 2232 632 2294 esse,
692 2211 817 2277 hoc
860 2212 1002 2279 loco
1049 2234 1194 2281 eum
1241 2234 1321 2279 ex
1367 2213 1593 2279 eodem
1640 2213 1810 2280 libro
1869 2214 2165 2279 hausisse
2209 2216 2575 2297 negandum
2621 2218 2740 2279 est.

643 2324 858 2391 Etiam
906 2325 1044 2391 dies
1083 2326 1232 2392 festi
1279 2328 1686 2411 Apollinares
1728 2332 1795 2392 et
1833 2327 1971 2392 ludi
2014 2327 2082 2394 id
2129 2330 2229 2393 est
2273 2327 2632 2393 certamina
2671 2326 2741 2389 in

470 2436 656 2509 Delio
713 2437 1078 2523 agebantur
1133 2440 1200 2503 in
1248 2438 1563 2524 Apollinis
1622 2439 1949 2506 honorem.
2041 2440 2163 2519 Qui
2216 2439 2355 2504 dies
2400 2438 2742 2517 solemnes,

469 2549 706 2632 quibus
776 2570 1010 2617 nomen
1084 2556 1229 2617 erat
1277 2552 1640 2632 Deliorum‚
1716 2557 2303 2619 commemorantur
2363 2573 2403 2617 a
2464 2550 2743 2635 Didymo

468 2661 694 2750 (schol.
720 2662 900 2728 Pind.
926 2662 1022 2730 Ol.
1047 2667 1105 2745 7,
1141 2669 1294 2731 153:
1339 2716 1353 2730 .
1380 2717 1394 2731 .
1420 2717 1434 2732 .
1477 2666 1550 2735 ἐν
1591 2667 1661 2735 δὲ
1700 2674 1781 2757 τῇ
1807 2670 2095 2758 Βοιωτίᾳ
2119 2721 2133 2735 .
2161 2717 2174 2731 .
2201 2717 2215 2732 .
2262 2663 2299 2734 ὃ
2338 2656 2409 2736 δὲ
2433 2661 2743 2751 Δίδυμός

470 2793 637 2863 φησι
680 2777 791 2844 καὶ
831 2773 1225 2864 Ἀμφιαράια
1270 2775 1345 2846 ἐν
1381 2776 1666 2871 Ὠρωπῷ
1713 2782 1824 2848 καὶ
1867 2779 2087 2868 Δήλια
2133 2781 2240 2848 ἐπὶ
2282 2783 2515 2871 Δηλίῳ
2564 2832 2577 2846 .
2627 2832 2640 2846 .
2696 2777 2743 2861 .)

470 2893 537 2954 et
557 2888 845 2955 Diodoro
891 2891 1021 2976 (12,
1051 2896 1150 2970 70,
1183 2893 1268 2976 5),
1303 2891 1416 2958 ubi
1463 2893 1682 2976 agitur
1725 2893 1806 2959 de
1834 2914 2054 2979 pugna
2080 2892 2256 2976 apud
2278 2892 2536 2958 Delium
2567 2912 2741 2956 com·

467 3002 668 3068 missa
696 3001 818 3104 ¹(cf.
849 3001 1086 3068 Strabo
1117 3009 1177 3084 9,
1209 3004 1428 3072 4030:
1471 3006 1729 3094 Δήλιον
1763 3060 1775 3074 .
1813 3060 1825 3074 .
1862 3061 1874 3074 .
1922 3004 2097 3076 ὅπου
2139 3005 2311 3094 μάχῃ
2348 3004 2743 3090 λειφθέντες

468 3110 808 3202 Ἀθηναῖοι
853 3103 1332 3204 ἆτροτροπάδην
1393 3117 1655 3205 ἔφυγον
1699 3169 1713 3184 .
1761 3172 1774 3186 .
1826 3120 1903 3204 .):
1975 3120 2100 3206 τήν
2153 3145 2221 3187 τε
2281 3127 2421 3186 τῶν
2462 3120 2743 3204 Δηλίων

467 3224 850 3313 πανήγυριν
899 3229 996 3313 (οἱ
1026 3233 1340 3310 Βοιωτοί)
1386 3226 1520 3298 ἀπὸ
1562 3230 1827 3300 τούτων
1868 3241 2009 3300 τῶν
2050 3231 2405 3320 χρημάτων
2435 3228 2743 3315 (praeda)

470 3337 907 3426 ἐνεστήσαντο
951 3351 1208 3424 ποιεῖν,·
1266 3363 1396 3427 quo
1441 3363 1521 3408 ex
1566 3344 1935 3411 testimonio
1980 3351 2257 3430 apparet
2300 3344 2449 3410 inde
2496 3342 2581 3407 ab
2623 3340 2742 3406 illa

467 3471 688 3536 pugna
735 3452 912 3517 facta
952 3453 1144 3520 Delia
1187 3456 1489 3522 instituta
1519 3477 1679 3538 esse,
1728 3458 1919 3524 sicuti
1949 3458 2222 3524 Athenis
2253 3459 2319 3523 in
2358 3456 2741 3524 memoriam

469 3583 836 3648 pugnarum
903 3565 987 3630 ad
1051 3566 1444 3634 Marathona
1508 3574 1575 3635 et
1626 3570 1929 3637 Plataeas
1995 3571 2320 3637 factarum
2382 3571 2521 3639 dies
2587 3569 2741 3635 festi

469 3676 834 3759 agebantur
878 3679 985 3762 (cf.
1031 3679 1379 3762 Hermann,
1422 3684 1567 3747 Ant.
1588 3681 1633 3763 2,
1680 3689 1779 3763 56,
1813 3689 1881 3766 33
1929 3688 2028 3764 63,
2062 3686 2148 3769 9).
2236 3683 2422 3763 Quod
2468 3683 2553 3748 ad
2598 3703 2738 3747 cer-

467 3793 688 3853 tamen
734 3789 1062 3856 Deliorum
1109 3793 1392 3874 pertinet
1437 3795 1637 3860 etiam
1691 3796 1921 3861 titulus
1968 3796 2075 3861 hic
2129 3796 2222 3881 (G.
2264 3796 2312 3861 Ι.
2360 3795 2433 3862 G.
2483 3795 2544 3860 S.
2588 3795 2739 3877 2o):

469 3900 650 3980 ἔδοξε
707 3909 802 3992 τῷ
856 3902 1041 3995 δήμῳ
1086 3913 1181 3996 τῷ
1236 3911 1676 3993 Ταναγραίων
1722 3917 2145 3996 στεφανῶσαι
2191 3907 2312 3977 τὸν
2356 3912 2574 3997 δῆμον
2615 3907 2739 3977 τὸν

468 4013 1114 4114 Μεγαρέωνιχρυσῷ
1151 4017 1461 4107 στεφάνῳ
1493 4020 1605 4088 καὶ
1640 4019 1847 4088 εἰκόνι
1872 4029 2079 4112 χαλκῇ
2114 4075 2125 4088 .
2156 4077 2167 4089 .
2198 4075 2210 4089 .
2243 4072 2256 4085 .
2287 4020 2739 4108 ἀναγορεῦσαι

469 4126 542 4193 δὲ
589 4124 748 4205 τοὺς
792 4127 1170 4213 στεφάνους
1213 4180 1227 4194 .
1273 4184 1287 4197 .
1337 4184 1350 4198 .
1393 4133 1506 4198 καὶ
1552 4132 1626 4199 ἐν
1669 4142 1763 4223 τῷ
1809 4130 2023 4220 ἀγῶνι
2078 4143 2173 4226 τῷ
2231 4133 2737 4224 συντελουμένῳ

467 4233 606 4304 κατ’
678 4235 990 4308 ἐνιαυτὸν
1047 4251 1142 4331 τῷ
1208 4238 1564 4311 Ἀπόλλωνι
1624 4255 1720 4335 τῷ
1783 4250 2032 4337 Δηλίῳ.
2135 4247 2517 4331 Tanagraei,
2564 4245 2737 4310 enim

469 4345 958 4433 Megarensibus
1003 4353 1356 4420 utebantur
1417 4357 1843 4438 amicissimis,
1902 4380 2046 4422 cum
2106 4360 2299 4423 etiam
2350 4357 2738 4424 Heracleam

469 4462 803 4528 Ponticam
848 4485 980 4530 una
1020 4487 1166 4530 cum
1210 4467 1339 4532 illis
1385 4467 1837 4536 condidissent.
