3109 5375
1361 541 1867 601 .—8-

546 706 758 778 αὐτὸν
795 705 909 776 ἅτε
955 708 1214 795 ἔφηβον
1263 712 1599 795 στλεγγίδι
1626 706 2052 795 ἀμυνόμενον
2093 709 2373 796 μάλιστα
2406 710 2818 798 ἐργάσασθαι

546 830 686 890 τῶν
741 817 1062 908 Εὐβοέων
1116 820 1395 907 τροπήν.
1505 818 1624 886 Vel
1679 820 1920 906 triplex
1979 821 2191 887 cultus
2264 822 2463 888 fuisse
2544 824 2816 904 videtur,

545 934 672 999 nisi
713 933 905 998 aliter
941 932 1306 1018 explicatur
1338 934 1609 999 Tzetzae
1654 934 1993 999 adnotatio
2024 936 2208 1019 (680)
2256 934 2340 1001 ad
2372 935 2810 1001 Alexandram

547 1044 1024 1131 Lycophronis:
1092 1044 1384 1130 Φαιὸρὸς
1447 1047 1520 1114 δὲ
1564 1054 2059 1133 μεταληπτικῶς
2116 1043 2268 1115 ἀντὶ
2332 1047 2609 1129 (scilicet
2653 1048 2817 1115 Mer-

551 1158 800 1242 curius)
851 1167 974 1227 τοῦ
1013 1165 1286 1227 λευκοῦ·
1355 1160 1467 1226 καὶ
1522 1158 1650 1245 γὰρ
1705 1157 1885 1245 παρὰ
1934 1166 2256 1239 Βοιωτοῖς
2298 1157 2541 1246 Ἑρμῆς
2584 1159 2820 1241 λευκὸς

548 1279 839 1358 τιμᾶται·
886 1270 1371 1358 πολεμούμενοι
1409 1271 1535 1359 γὰρ
1575 1279 1982 1359 Ταναγραῖοι
2026 1269 2159 1339 ὑπὸ
2176 1260 2574 1358 Ἐρετριέων
2618 1272 2819 1357 ἐσφα-

548 1387 790 1469 γίασαν
834 1386 1042 1470 παῖδα
1085 1384 1197 1451 καὶ
1224 1383 1436 1471 κόρην
1480 1382 1649 1452 κατὰ
1680 1380 1995 1471 χρησμόν,
2038 1380 2416 1453 κάντεῦθεν
2452 1384 2817 1471 ἱδρύσαντο

547 1494 815 1563 Λευκὸν
849 1494 1114 1582 Ἑρμῆν.
1508 1486 1512 1499 '

724 1635 819 1699 Ac
861 1634 1143 1718 primum
1193 1633 1454 1717 quidem
1510 1638 1917 1699 tractaturus
1962 1656 2103 1701 sum
2148 1632 2228 1699 de
2273 1632 2597 1699 Mercurio
2642 1632 2820 1699 Orio-

548 1746 774 1831 phoro,
851 1746 1048 1811 Cuius
1095 1747 1494 1830 cognominis
1540 1747 1855 1829 originem
1899 1746 2051 1811 inde
2097 1746 2359 1813 ductam
2406 1768 2547 1812 esse
2580 1768 2823 1812 memo-

548 1861 688 1925 riae
730 1859 1061 1945 proditum
1105 1864 1249 1924 erat
1293 1859 1466 1943 quod
1515 1858 1693 1924 fama
1723 1860 1875 1925 tulit
1908 1859 2099 1925 deum
2131 1860 2401 1925 arietem
2430 1860 2498 1924 in
2533 1859 2819 1925 humeris

547 1948 919 2056 portantem
972 1972 1156 2036 circa
1213 1970 1440 2037 urbem
1499 1971 1813 2037 liberasse
1860 1972 2091 2038 urbem
2133 1992 2173 2037 a
2215 1972 2529 2057 pestifero
2575 1972 2821 2037 morbo,

551 2085 748 2150 Cuius
779 2084 937 2149 facti
969 2084 1282 2149 memoria
1308 2083 1410 2149 die
1435 2084 1812 2150 Mercuriali
1835 2084 2023 2165 fest0‚
2048 2085 2439 2168 quicumque
2463 2081 2822 2169 pulcherri-

553 2218 696 2262 mus
745 2197 928 2262 urbis
974 2196 1357 2262 adulescens
1401 2218 1544 2264 esse
1590 2196 1953 2277 videbatur,
1997 2203 2073 2263 ut
2116 2197 2269 2263 olim
2315 2197 2492 2277 deuS,
2552 2198 2822 2262 arietem

554 2311 620 2376 in
651 2310 939 2375 humeris
972 2310 1148 2374 circa
1179 2309 1409 2375 urbem
1436 2311 1741 2394 portavit.
1798 2310 2101 2394 Plerique
2136 2311 2257 2375 viri
2291 2310 2467 2375 docti
2503 2313 2822 2394 putarunt

551 2443 797 2489 morem
844 2428 913 2499 et
957 2422 1201 2488 cultum
1249 2444 1329 2487 ex
1372 2422 1488 2488 illa
1532 2423 1910 2489 narratione
1954 2424 2236 2489 fluxisse.
2328 2427 2414 2488 At
2456 2423 2646 2507 longe
2692 2421 2824 2488 alia

547 2534 1044 2619 interpretatio
1077 2533 1236 2599 mihi
1300 2535 1676 2618 quaerenda
1739 2534 2027 2615 videtur,
2112 2557 2256 2601 cum
2333 2557 2463 2601 non
2532 2534 2823 2603 fabulam

551 2648 762 2730 illam,
829 2648 1025 2714 immo
1093 2668 1342 2714 morem
1416 2648 1849 2732 antiquiorem
1915 2668 2056 2714 esse
2126 2649 2424 2716 arbitrer.
2536 2650 2675 2728 Quo
2748 2669 2828 2714 ex

554 2783 734 2827 more
779 2761 1140 2826 recentiore
1177 2767 1469 2845 tempore
1501 2762 1757 2826 ratione
1792 2761 1969 2826 illam
2002 2762 2441 2827 narrationem
2478 2761 2826 2827 deductam

557 2880 623 2940 et
681 2873 902 2938 fictam
969 2895 1111 2940 esse
1170 2873 1329 2938 mihi
1393 2895 1778 2958 persuasum
1846 2877 1961 2939 est.
2074 2875 2253 2939 Duas
2325 2879 2544 2939 autem
2596 2896 2701 2939 res
2760 2875 2825 2938 in

557 2989 737 3052 cultu
778 2986 1138 3070 permixtas
1201 3007 1342 3052 esse
1400 2991 1560 3072 puto
1623 2992 1842 3053 aetate
1900 2988 2277 3065 recentiore,
2334 2987 2610 3071 figuram
2659 2987 2826 3052 Mer-

558 3099 721 3164 curii
758 3119 1149 3183 pascuorum
1196 3100 1433 3165 tutoris
1479 3107 1550 3167 et
1590 3100 1780 3164 deum
1825 3100 2248 3178 lustrationiS,
2296 3121 2430 3182 qua
2457 3099 2827 3166 Mercuriali

557 3211 724 3277 festo
770 3211 1050 3296 populus
1097 3211 1216 3276 deo
1280 3212 1462 3277 urbis
1518 3212 1840 3296 peculiari
1896 3213 2146 3278 sacrari
2212 3212 2482 3277 solebat.
2574 3214 2716 3291 Qua
2760 3212 2827 3276 in

559 3346 631 3389 re
677 3323 923 3388 diutius
970 3323 1360 3392 versandum
1407 3347 1546 3390 esse
1592 3325 1796 3390 video.

728 3437 1123 3502 Mercurium
1167 3438 1521 3522 praecipue
1567 3437 1758 3502 deum
1804 3441 2141 3522 pastorum
2194 3436 2395 3502 fuisse
2458 3437 2617 3501 satis
2680 3458 2827 3502 con·
2872 3455 2883 3466 ·

559 3553 722 3630 stat,
788 3549 1138 3633 multisque
1201 3550 1361 3614 locis
1412 3549 1913 3614 demonstratur
1982 3570 2128 3626 eum
2191 3549 2499 3634 gregibus
2566 3553 2631 3613 et
2696 3549 2830 3613 vita

557 3662 914 3744 pastoricia
977 3661 1298 3746 gaudere3
1362 3684 1556 3745 quam
1620 3662 1703 3727 ob
1766 3683 1903 3727 rem
1966 3661 2653 3757 cognomina-vomo&
2699 3662 2828 3730 ἐπι-

558 3772 809 3861 μήλιος,
853 3763 1092 3861 εὗγλαξ
1133 3775 1192 3839 ei
1238 3773 1699 3840 tribuebantur
1724 3775 1795 3860 l).
1883 3775 2115 3858 Itaque
2177 3774 2245 3838 in
2291 3773 2594 3853 Arcadia,
2663 3793 2830 3856 quae

559 3891 739 3950 terra
780 3907 942 3970 prae
1004 3887 1237 3953 ceteris
1301 3887 1428 3952 fuit
1491 3892 1672 3952 terra
1733 3887 2067 3965 montium,
2132 3891 2489 3975 pastorum,
2558 3887 2652 3951 rei
2720 3906 2829 3969 pe-

562 3999 858 4078 cuariae,
939 4000 1259 4066 maximus
1337 4005 1674 4084 pastorum
1738 4000 1864 4065 fuit
1927 3999 2102 4065 deus.
2228 3999 2357 4064 Cur
2424 3999 2829 4083 potissimum

562 4132 708 4176 cum
753 4112 956 4177 ariete
1001 4113 1381 4179 coniunctus
1426 4114 1512 4178 sit
1528 4113 1582 4196 2)
1630 4113 2009 4193 MercuriuS‚
2073 4133 2113 4177 a
2153 4111 2481 4177 Pausania
2525 4113 2611 4196 (2,
2658 4116 2715 4191 3,
2763 4112 2829 4194 4)

739 4365 790 4431 1)
826 4361 1095 4432 Roscher,
1134 4362 1431 4433 Windgott
1465 4382 1519 4433 p.
1559 4363 1625 4416 75
1648 4380 1766 4431 sqq.

738 4449 795 4516 2)
835 4448 1048 4503 Hoefer
1083 4449 1142 4502 in
1177 4448 1456 4504 Roschers
1489 4447 1569 4502 M.
1606 4447 1671 4505 L.
1709 4467 1749 4502 s.
1788 4448 2154 4518 Kriophoros.
