3109 5375
1521 536 1953 627 ...lo-”-

601 732 810 799 denuo
857 738 1038 797 terra
1083 754 1302 797 eorum
1362 733 1607 799 tutelae
1658 734 1983 799 credatur.¹
2071 732 2465 814 Quod'bene
2514 756 2659 808 cum
2704 734 2859 805 adu·
2930 758 2935 763 ·

477 849 482 852 “
599 845 885 912 lescente
941 867 1060 929 pro
1113 846 1234 911 deo
1292 846 1434 929 ipso
1481 846 1708 911 urbem
1758 847 2259 913 cirumveniente
2306 846 2585 911 conferri
2629 852 2865 931 potest.

773 959 858 1023 At
918 978 1072 1022 vero
1127 958 1420 1041 plerique
1483 954 1607 1023 viri
1664 956 1837 1024 docti
1896 958 2073 1023 aliud
2151 960 2497 1043 quicquam
2558 960 2714 1023 ritui
2773 959 2867 1023 illi

381 1020 388 1029 ·
493 1144 500 1155 Ι
602 1070 866 1137 subesse
909 1070 1233 1169 putabant
1278 1070 1385 1155 (cf.
1432 1070 1691 1150 Hoefer‚
1736 1072 1805 1136 L.
1852 1071 1935 1135 Μ.
1976 1071 2017 1135 l.
2050 1073 2209 1156 ,c.).,

775 1200 1062 1267 Roscher
1121 1201 1419 1283 (Hermes
1483 1200 1599 1264 der
1648 1182 1999 1283 Windgott¹
2038 1223 2099 1283 p.
2150 1202 2258 1284 79)
2315 1201 2704 1265 Pausaniam
2757 1202 2867 1266 illo

602 1311 746 1378 loco
807 1314 1014 1395 egisse
1084 1312 1479 1381 existimavit
1510 1313 1614 1405 'de
1674 1302 1991 1380 sacrificio
2052 1312 2428 1392 ambarvali‚
2488 1334 2615 1397 quo
2662 1314 2869 1379 morbi

599 1424 894 1508 pestiferi
939 1446 1019 1491 ex
1063 1429 1214 1489 aere
1261 1425 1517 1508 perdito
1567 1420 1761 1490 enati'
1790 1431 2327 1491 removerentur„
2386 1426 2553 1491 Nam
2596 1426 2653 1489 ei
2702 1427 2868 1492 Mer·

603 1538 820 1602 curius
864 1537 1022 1603 deus
1068 1538 1416 1621 peculiaris
1459 1544 1798 1603 ventorum
1846 1560 1985 1603 esse
2036 1538 2307 1617 videtur,
2354 1560 2546 1621 quem
2592 1560 2633 1621 a
2660 1538 2869 1603 Tana-

603 1650 817 1731 graeis
846 1650 1216 1715 invocatum
1241 1672 1381 1715 esse
1411 1656 1621 1735 putat,
1663 1657 1737 1715 ut
1768 1651 1975 1725 ventis
2003 1650 2263 1715 acribus
2294 1650 2551 1718 morbos
2582 1651 2871 1735 pelleret,

603 1760 794 1825 sicuti
839 1782 1302 1845 saepenumero
1351 1766 1462 1827 aer
1505 1769 1823 1847 purgatur
1870 1784 1909 1827 a
1951 1764 2159 1827 ventis
2203 1764 2309 1846 (cf.
2345 1764 2530 1827 Lucr.
2570 1769 2627 1843 6,
2679 1768 2868 1844 11223

610 1878 820 1957 1134)

777 1999 991 2071 Lauer
1034 2011 1251 2069 autem
1298 2006 1577 2098 (system
1622 2006 1681 2069 d.
1713 2004 1822 2070 Gr.
1858 2006 2056 2090 Myth.
2089 2006 2239 2069 Litt.
2273 1975 2603 2070 Nachlass‘
2626 2010 2681 2083 2,
2718 2006 2871 2088 406)

605 2122 670 2179 et
719 2116 1069 2181 Schwenck
1117 2116 1344 2201 (Myth.
1381 2117 1542 2181 And.
1589 2122 1736 2201 122)
1786 2118 2052 2185 arietem
2102 2118 2549 2183 circumlatum
2608 2118 2759 2182 solis
2806 2124 2873 2181 et

601 2228 860 2311 pluviae
911 2229 1270 2313 symbolum
1303 2230 1694 2308 existimant,
1744 2237 1807 2294 et
1842 2231 2049 2295 Conzc
2074 2230 2363 2315 (Heroen
2394 2253 2453 2313 p.
2482 2233 2593 2314 34)
2626 2231 2873 2295 monuit

521 2392 525 2399 .
604 2340 1051 2405 adulescentes
1094 2322 1659 2425 pellibns'agninis
1694 2343 1954 2407 indutos
1993 2343 2238 2409 Pelium
2277 2348 2558 2408 montem
2586 2343 2870 2426 pluviam

601 2454 922 2537 petituros
970 2456 1320 2519 ascendere
1369 2435 1796 2520 consuevisse.

778 2584 1088 2667 Stephani
1117 2584 1394 2667 deniqne
1408 2585 1704 2669 (Compte
1724 2608 1773 2649 r.
1796 2590 1981 2664 1869,
2002 2588 2151 2667 1Οό)
2175 2584 2523 2649 affirmavit
2547 2585 2870 2650 artissimo

449 2721 453 2728 ·
581 2696 812 2761 vinclo
861 2698 1237 2762 coniunctas
1283 2719 1424 2762 esse
1455 2719 1688 2781 capras
1714 2705 1778 2762 et
1810 2704 2249 2781 tempestateS‚
2297 2699 2533 2762 arietes
2571 2703 2637 2762 et
2668 2697 2873 2763 nubes

603 2808 710 2891 (cf.
759 2807 1402 2894 Nephele-Phrixos).
1498 2812 1705 2890 Quam
1754 2811 1835 2874 ob
1892 2833 2029 2892 rem
2090 2811 2285 2874 etiam
2349 2810 2557 2874 ventis
2604 2815 2670 2874 et
2712 2815 2871 2874 tem-

603 2922 969 3029 pestatibus
1029 2943 1237 3004 agnae
1303 2929 1368 2987 et
1415 2943 1653 3007 caprae
1726 2928 2051 2987 mactatae
2112 2927 2262 2986 sunt
2336 2923 2439 3004 (cf.
2486 2922 2731 2987 Aelian.
2788 2921 2867 2985 de

603 3039 736 3097 nat.
783 3035 973 3098 anim.
1025 3040 1080 3112 7,
1127 3039 1197 3115 ὃς
1246 3036 1554 3100 Artemid.
1598 3037 1877 3100 ‘onirocn
1928 3040 1983 3114 2,
2035 3039 2159 3119 12).

777 3163 1033 3228 Gilbert
1096 3165 1234 3248 (Gr.
1281 3165 1553 3230 Gotterl.
1612 3188 1673 3248 p.
1722 3171 1845 3230 218
1876 3186 2036 3247 sqq„
2096 3170 2219 3229 428
2246 3168 2366 3248 sq.)
2422 3164 2643 3228 docuit
2704 3163 2874 3228 Mer·

607 3277 854 3341 curium
898 3277 1084 3341 initio
1131 3277 1320 3361 deum
1366 3276 1566 3342 fuisse
1614 3277 1889 3356 obscuri,
1939 3283 2073 3340 tum
2124 3276 2391 3341 nubium
2439 3276 2687 3341 factum
2731 3297 2871 3342 esse

606 3393 672 3452 et
703 3410 1166 3472 saepenumero
1201 3412 1344 3455 enm
1377 3391 1584 3454 nubes
1622 3389 2005 3472 significare.
2084 3391 2335 3470 Itaque,
2380 3411 2523 3452 cum
2558 3387 2876 3470 significet

606 3501 776 3564 aries
820 3501 1076 3580 nubem,
1138 3502 1496 3567 Mercurius
1543 3509 1619 3567 ut
1674 3503 1832 3566 deus
1888 3503 2146 3566 obscuri
2194 3522 2333 3564 eam
2382 3500 2547 3564 solet
2590 3498 2761 3564 ferre
2808 3506 2874 3564 et

608 3619 860 3678 aestate
900 3636 986 3679 -ex
1029 3613 1144 3678 illa
1186 3615 1406 3697 pluvia
1446 3615 1529 3700 acl
1576 3615 1781 3679 solum
1823 3620 2065 3678 tostum
2114 3613 2394 3678 demissa
2441 3613 2636 3676 etiam
2677 3613 2874 3695 pesti-

607 3725 780 3790 feras
830 3727 1100 3791 aestatis
1155 3727 1261 3811 (cf.
1295 3727 1550 3792 Horatii
1596 3749 1693 3812 ep.
1738 3734 1789 3806 1,
1835 3733 1891 3804 7,
1940 3735 1983 3792 5.
2001 3726 2167 3809 sqq.)
2210 3747 2405 3789 auras
2438 3726 2655 3788 mittit.
2720 3725 2873 3789 Ideo

607 3839 744 3902 viro
806 3839 900 3903 illi
958 3839 1328 3904 doctissimo
1391 3840 1619 3922 religio
1676 3839 1757 3903 ad
1816 3845 2133 3903 aestatem
2176 3837 2527 3902 ferventem
2576 3843 2875 3920 spectare

605 3950 861 4015 videtur
907 3955 972 4014 et
1017 3952 1252 4015 aetatis
1311 3953 1699 4034 antiquioris
1747 3973 1904 4016 esse.
1996 3951 2079 4014 Et
2122 3951 2295 4033 quod
2357 3951 2620 4014 iuvenes
2666 3950 2875 4013 Tana-

609 4063 787 4145 graei
849 4063 1106 4142 arieteS‚
1170 4064 1494 4138 Mercurii,
1555 4065 1657 4128 dei
1722 4065 1988 4129 nubium
2036 4069 2101 4127 et
2146 4063 2516 4127 divitiarum
2562 4061 2875 4146 symbola,

609 4175 782 4239 circa
843 4177 1097 4239 moenia
1142 4177 1314 4240 ferre
1378 4175 1693 4255 solebant,
1753 4177 1818 4240 id
1868 4197 1945 4239 ea
1988 4176 2239 4239 ratione
2286 4175 2649 4257 Tanagraei
2693 4175 2874 4238 insti-

607 4292 888 4366 merant,
947 4292 1020 4351 nt
1066 4288 1274 4351 denuo
1319 4283 1400 4352 ‘in
1455 4310 1694 4354 annum
1742 4289 2029 4353 futurum
2078 4287 2237 4350 deus
2281 4286 2488 4351 nubes
2530 4286 2877 4369 praeberet

609 4405 675 4462 et
710 4399 1130 4464 fertilitatem.
