3109 5375
1243 615 1633 675 -7-

299 786 702 869 νομίζουσιν.
794 783 1002 848 Fuere
1060 784 1261 866 igitur
1329 782 1430 848 vel
1484 783 1850 849 Pausaniae
1918 789 2135 851 aetate
2204 786 2273 849 in
2325 784 2567 870 templo

301 895 616 979 reliquiae
675 895 910 975 arbuti,
980 895 1162 960 cuius
1219 894 1541 961 fructibus
1607 896 1797 961 deum
1843 897 2160 961 nutritum
2207 918 2349 963 esse
2394 896 2570 963 fama

301 1007 469 1072 tulit.
542 1008 747 1086 Quam
794 1008 876 1073 ob
922 1028 1059 1073 rem
1107 1008 1308 1073 etiam
1340 1008 1409 1071 in
1439 1008 1716 1073 nummis
1748 1008 2145 1091 Tanagraeis
2191 1030 2568 1094 repraesen-

299 1124 480 1184 tatus
533 1124 676 1185 erat
737 1124 918 1185 stans
973 1140 1178 1205 prope
1223 1120 1529 1185 arbutum
1578 1140 1852 1199 sacram,
1900 1121 2081 1186 cuius
2124 1122 2189 1186 in
2236 1123 2569 1187 cacumine

300 1231 470 1298 Iovis
539 1232 674 1296 ales
742 1231 940 1296 sedet.
1049 1231 1178 1298 Sed
1243 1253 1360 1297 eur
1421 1232 1697 1297 arbutus
1770 1233 2177 1317 potissimum
2246 1234 2568 1299 Mercurio

301 1345 681 1427 Tanagraeo
725 1348 988 1409 sacrata
1032 1344 1132 1421 sit,
1192 1343 1457 1409 difficile
1503 1350 1603 1410 est
1648 1344 1845 1410 dictu.
1935 1344 2287 1411 Schwenck
2332 1346 2567 1431 (Etym.

303 1457 501 1543 Myth.
537 1456 696 1521 And.
737 1456 885 1540 133)
921 1456 1244 1537 arbutum‚
1291 1456 1532 1541 quippe
1561 1478 1731 1540 quae
1762 1456 1959 1523 arbor
1998 1461 2169 1523 esset
2211 1457 2569 1523 humillima

303 1574 368 1634 et
410 1570 590 1634 humi
632 1569 820 1653 quasi
865 1574 1176 1654 serperet,
1221 1569 1500 1634 maxime
1543 1568 1744 1634 fuisse
1787 1570 2087 1635 idoneam
2130 1572 2339 1653 putat,
2400 1592 2568 1653 quae

303 1702 491 1747 sacra
529 1687 700 1747 esset
721 1681 1046 1747 Mercurio
1079 1681 1414 1747 Chthonio.
1486 1682 1917 1747 Sitneautem
1941 1682 2009 1746 in
2031 1681 2276 1747 honore
2304 1681 2569 1747 habitus

304 1794 462 1859 deus
495 1794 835 1877 Tanagrae
859 1792 1221 1859 Mercurius
1248 1793 1624 1873 Chthonius,
1671 1794 1845 1859 infra
1890 1794 2371 1878 disceptaturus
2408 1816 2567 1859 sum.

321 1902 324 1905 ’
473 1906 658 1998 Nunc
704 1906 782 1972 de
828 1906 971 1971 loco
1018 1906 1224 1972 natali
1251 1906 1561 1971 nonnulla
1602 1912 1751 1971 sunt
1791 1906 2107 1973 addenda.
2188 1906 2396 1971 Natus
2428 1928 2568 1971 esse

301 2019 510 2084 fertur
569 2018 930 2085 Mercurius
989 2019 1054 2083 in
1116 2022 1333 2084 monte
1399 2018 1683 2105 CeryciO.
1774 2018 1969 2085 Cuius
2027 2019 2263 2084 montis
2325 2019 2568 2083 nomini

304 2136 478 2196 certe
541 2136 639 2196 est
699 2131 946 2214 aliquid
1007 2152 1343 2196 commune
1410 2152 1554 2196 cum
1623 2131 1910 2196 caduceo
1970 2140 2332 2217 κηρυκεῖον
2395 2131 2570 2215 quod

303 2242 556 2309 dicitur.
648 2242 1033 2309 Scholderer
1063 2244 1246 2341 (Tan.
1280 2245 1426 2308 Ant.
1459 2244 1643 2328 Spec.
1688 2266 1749 2328 p.
1784 2246 1893 2328 55)
1938 2244 2193 2327 putavit
2238 2245 2440 2309 monti
2475 2244 2570 2309 illi

301 2376 534 2422 nomen
592 2356 813 2421 datum
877 2377 1018 2421 esse
1069 2377 1108 2421 a
1152 2355 1589 2436 similitudine,
1638 2377 1805 2439 quae
1850 2356 2086 2442 montis
2130 2354 2377 2421 formae
2423 2378 2567 2422 cum

303 2468 586 2533 caduceo
633 2469 880 2533 fuisset.
971 2468 1285 2551 Equidem
1333 2468 1629 2533 existimo
1676 2490 1796 2534 nec
1838 2458 1991 2533 huic
2034 2468 2277 2533 nomini
2304 2450 2571 2553 'Cerycii

301 2582 537 2654 montis
597 2602 717 2646 nec
759 2581 903 2645 Poli
959 2581 1202 2646 nomini
1264 2581 1573 2645 maiorem
1636 2581 1761 2645 vim
1820 2580 2234 2646 tribuendam
2280 2602 2439 2658 esse,
2501 2586 2572 2646 at

303 2700 582 2762 montem
616 2695 709 2760 sic
740 2693 1134 2779 appellatum
1171 2715 1308 2760 esse
1351 2694 1435 2758 ab
1484 2716 1560 2760 eo
1608 2694 1914 2780 symbolo,
1962 2695 2136 2777 quod
2167 2694 2570 2760 notissimum

304 2813 446 2872 erat
505 2805 838 2886 Mercurii,
907 2805 1258 2891 peculiaris
1316 2806 1842 2891 Tanagraeorum
1906 2806 2030 2872 dei.
2136 2808 2276 2885 Quo
2336 2807 2573 2872 montis

301 2920 558 2983 nomine
621 2919 853 2984 ductus
913 2918 1264 2984 Schwcnck
1329 2918 1689 2984 arbitratus
1753 2925 1853 3004 est
1914 2919 2307 2983 Mercurium
2363 2919 2569 2982 Tana-

304 3053 570 3115 graeum
614 3031 814 3096 fuisse
859 3031 1213 3115 praecipue
1265 3052 1662 3115 praeconum
1703 3051 1955 3096 numen.
2047 3032 2133 3095 At
2168 3051 2571 3114 ,quamquam

303 3144 517 3228 varias
578 3164 696 3226 per
757 3142 1000 3207 formas
1052 3143 1210 3208 deus
1257 3142 1612 3221 colebatur,
1681 3143 1941 3209 minime
1989 3165 2135 3208 eum
2176 3165 2571 3227 praeconum

303 3257 492 3321 deum
541 3255 740 3321 fuisse
786 3255 1262 3320 demonstrabo,

475 3368 812 3452 Duplicem
879 3367 984 3432 dei
1065 3367 1442 3450 religionem
1477 3378 1486 3388 “
1518 3366 1857 3452 Tanagrae
1940 3367 2140 3432 fuisse
2213 3367 2572 3432 Pausanias

297 3485 394 3568 (9,
431 3487 540 3561 22,
589 3483 654 3564 2)
700 3480 1004 3545 tradidit:
1061 3477 1164 3560 Ἐς
1209 3481 1279 3547 δὲ
1321 3473 1444 3548 τοῦ
1477 3478 1729 3566 Ἑρμοῦ
1771 3478 1851 3547 τὰ
1899 3477 2043 3564 ἱερὰ
2094 3488 2219 3547 τοῦ
2263 3506 2331 3546 τε
2376 3486 2571 3566 Κριο-

307 3595 528 3680 φόρου
571 3595 682 3662 καὶ
730 3589 809 3661 ὃν
845 3591 1208 3678 Πρόμαχον
1253 3600 1553 3674 καλοῦσι,
1611 3601 1735 3674 τοῦ
1774 3592 1901 3677 ’μὲν
1945 3593 2010 3671 ἐς
2061 3589 2185 3678 τὴν
2233 3589 2574 3678 ἐπίκλησιν

304 3707 632 3794 λέγουσιν,
681 3704 765 3785 ὡς
801 3703 836 3774 ὃ
871 3704 1111 3792 Ἑρμῆς
1156 3709 1389 3791 σφίσιν
1423 3701 1796 3790 ἀποτρέψαι
1840 3703 2048 3772 νόσον
2081 3701 2374 3791 λοιμώδη
2422 3705 2573 3789 περὶ

304 3820 380 3888 τὸ
422 3829 634 3907 τεῖχος
677 3817 871 3903 κριὸν
925 3817 1393 3904 περιενεγκών,
1463 3819 1573 3885 καὶ
1629 3817 1735 3886 ἐπὶ
1793 3815 2011 3908 τούτῳ
2060 3815 2358 3902 Κάλαμις
2399 3817 2573 3884 ἐποί-

305 3949 464 4018 ησεν
508 3927 767 4018 ἄγαλμα
803 3929 1050 4017 Ἑρμοῦ
1087 3915 1382 4016 φέροντα
1417 3929 1612 4016 κριὸν
1657 3931 1764 3998 ἐπὶ
1810 3938 1948 3997 τῶν
2004 3925 2225 4015 ὤμων·
2275 3925 2346 4007 ὃς
2392 3925 2449 3996 δ’
2486 3926 2573 3996 ὂὲν

307 4042 476 4112 εἶναι
535 4053 673 4111 τῶν
734 4042 1007 4130 ἐφήβων
1065 4051 1402 4132 προκριθῇ
1467 4041 1544 4111 τὸ
1612 4039 1788 4122 εἶδος
1848 4041 2193 4121 κάλλιστος
2256 4031 2453 4121 οὗτος
2500 4039 2573 4106 ἐν

305 4165 429 4223 τοῦ
475 4153 722 4242 Ἑρμοῦ
779 4165 860 4245 τῇ
923 4156 1119 4243 ἑορτῇ
1169 4160 1488 4239 περίεισιν
1542 4155 1616 4223 ἐν
1664 4153 1887 4244 κύκλῳ
1933 4163 2058 4222 τοῦ
2100 4157 2358 4239 τείχους
2402 4153 2572 4249 ἔχων

305 4265 477 4354 ἄρνα
556 4268 661 4335 ἐπὶ
737 4277 874 4336 τῶν
937 4265 1148 4353 ὤμων.
1267 4266 1402 4335 Τὸν
1461 4269 1532 4334 δὲ
1586 4265 1837 4352 Ἑρμῆν
1896 4266 2165 4352 λέγουσι
2217 4263 2337 4333 τὸν
2397 4265 2571 4348 Πρό-

305 4406 518 4467 μαχον
569 4376 953 4465 Ἐρετριέων
1029 4381 1274 4448 ναυσὶν
1338 4378 1402 4460 ἐξ
1465 4375 1762 4467 Εὐβοίας
1822 4376 1889 4458 ἐς
1958 4377 2085 4464 τὴν
2146 4381 2573 4464 Ταναγραίαν

307 4490 605 4578 σχόντων
672 4489 830 4572 τούς
898 4517 966 4560 τε
1041 4492 1334 4580 ἐφήβους
1403 4492 1749 4579 ἐξαγαγεῖν
1814 4491 1922 4560 ἐπὶ
1988 4489 2115 4577 τὴν
2165 4485 2401 4577 μα’χην,
2461 4490 2573 4556 καὶ
