3109 5375
1177 590 1627 695 ,5334

287 766 526 847 docuit,
593 768 718 833 hoc
778 790 1036 853 quoque
1075 770 1218 839 loco
1265 770 1538 836 eundem
1584 770 1829 851 fontem
1874 794 2021 837 eum
2068 777 2360 862 secutum
2407 792 2549 842 esse
2616 794 2621 803 ·
2729 762 2735 769 ¹

284 880 562 963 putabit.
670 882 900 968 Itaque
969 882 1254 948 nonnulli
1321 883 1440 947 viri
1504 883 1720 971 docti,
1788 884 1855 949 in
1914 884 2045 965 his,
2117 892 2190 951 ut
2250 887 2547 971 exempla
2654 942 2659 949 .

284 992 587 1073 afferam,
657 993 957 1079 Toepffer
1020 995 1390 1079 (Beitraege
1435 1018 1494 1079 p.
1549 997 1698 1079 123)
1759 1017 1930 1077 rem,
1996 1019 2165 1081 quae
2218 1005 2545 1080 narratur,

283 1106 548 1173 fluxisse
593 1128 674 1171 ex
717 1106 1034 1171 Herodoti
1078 1106 1246 1171 libro
1289 1108 1596 1180 arbitrati
1652 1115 1817 1175 sunt.
1909 1109 2024 1175 Cui
2088 1110 2373 1195 opinioni
2436 1133 2545 1177 ne-

285 1240 452 1303 queo
509 1220 832 1285 assentiri.
922 1219 1066 1284 Non
1125 1220 1294 1285 enim
1356 1226 1455 1284 est
1514 1221 1899 1303 mirandum,
1961 1224 2153 1307 quod,
2209 1198 2378 1308 quae
2439 1246 2544 1291 res

285 1338 664 1417 congruunt,
709 1332 937 1398 iisdem
983 1332 1118 1397 fere
1154 1332 1368 1398 verbis
1411 1333 1815 1416 significatae
1852 1340 2029 1423 sunt,
2074 1356 2219 1401 cum
2261 1332 2404 1404 fieri
2425 1338 2545 1425 :vix

235 1492 239 1497 -
281 1446 521 1527 posset,
567 1452 642 1509 ut
685 1446 832 1509 aliis
860 1445 1074 1511 verbis
1111 1451 1411 1511 'uteretur
1439 1445 1815 1511 Pausanias.
1890 1448 2193 1513 Attamen
2223 1469 2329 1514 res
2361 1434 2551 1533 ips-ae*

283 1556 472 1620 valde
500 1557 672 1621 inter
710 1578 778 1621 se
815 1554 1208 1641 discrepant,
1243 1558 1567 1642 imprimis
1598 1557 1678 1622 de
1711 1558 1967 1624 reddito
2000 1558 2363 1641 simulacro,
2398 1582 2543 1629 cum

283 1671 606 1753 expressis
653 1668 868 1757 verbis
909 1650 1267 1735 Pausanias
1311 1670 1659 1737 tradiderit
1703 1672 1921 1737 Datim
1976 1671 2136 1737 illud
2181 1656 2543 1740 reddidisse

281 1761 678 1865 Tanagraeis
733 1783 799 1847 in
857 1782 1110 1849 Delium
1172 1785 1669 1867 reportandum3
1736 1807 1867 1868 qua
1928 1806 2008 1851 ex
2072 1807 2145 1850 re
2202 1787 2542 1852 manifeste

278 1896 577 1977 sequitur
632 1896 890 1961 illorum
947 1895 1147 1962 fuisse
1174 1896 1464 1962 *Delium
1555 1898 1797 1963 Contra
1846 1896 2225 1979 Herodotus
2268 1899 2543 1967 tradidit

280 2006 498 2072 Datim
559 2008 716 2073 illud
779 2007 1090 2092 religione
1149 2008 1481 2074 inductum
1549 2031 1767 2077 secum
1812 2011 2039 2077 tulisse
2079 2016 2145 2075 et
2189 2010 2541 2076 credidisse

280 2118 501 2199 Deliis,
547 2119 955 2187 incolisDeli
997 2120 1248 2187 insulae
1292 2127 1430 2188 tum
1473 2124 1787 2207 temporis
1827 2123 1893 2189 in
1922 2123 2559 2209 patriam'reversia-

279 2239 346 2297 et
388 2234 732 2299 mandasse
772 2230 921 2314 illis,
977 2219 1056 2299 ‘ut
1120 2234 1435 2300 dederent
1495 2236 1623 2320 ipsi
1681 2236 2096 2303 simulacrum
2142 2235 2327 2302 Delio
2374 2236 2538 2301 The—

277 2345 614 2429 banorum.
689 2345 917 2427 Quod,
953 2369 1116 2426 ,cum
1154 2348 1326 2414 Delii
1367 2349 1805 2430 retinuissent,
1854 2349 2145 2415 Thebani
2184 2348 2309 2417 XX
2353 2350 2539 2415 annis

275 2466 426 2545 post
477 2462 740 2527 oraculo
782 2461 917 2527 nixi
947 2461 1098 2526 inde
1129 2462 1193 2525 in
1233 2460 1486 2527 Delium
1521 2467 1893 2545 reportasse
1926 2461 2248 2527 dicuntur.
2308 2443 2544 2545 Itaque
2628 2554 2637 2557 -

273 2574 648 2639 testimonia
706 2574 820 2638 illa
864 2596 992 2639 non
1038 2574 1492 2661 consentiunt,¹
1523 2574 1639 2638 sed
1684 2596 1949 2659 prorsus
1996 2579 2147 2641 sunt
2191 2576 2537 2653 contraria.

274 2689 402 2750 Aut
443 2685 972 2770 Tanagraeorum
1030 2687 1227 2754 fuisse
1259 2693 1500 2774 'potest
1544 2688 1818 2768 Delium,
1884 2692 1998 2752 aut
2040 2687 2534 2770 Thebanorum3
2602 2708 2610 2714 ·

271 2819 400 2864 non
457 2798 673 2884 potuit
731 2801 890 2881 fieri,
949 2806 1024 2867 ut
1080 2800 1304 2867 eodem
1359 2807 1653 2886 tempore
1710 2801 2051 2884 utriusque
2105 2800 2286 2865 urbis
2346 2789 2534 2866 esset.

271 2911 516 2996 Neque,
575 2915 630 2978 si
690 2935 826 2979 rem
887 2915 983 2980 ita
1035 2915 1339 2999 expedire
1385 2913 1709 2994 conemur,
1771 2919 1847 2979 ut
1890 2909 2199 2992 Thebani,
2259 2933 2534 2996 quorum

269 3026 429 3092 urbs
457 3025 771 3093 Boeotiae·
799 3027 1357 3122 propugnaculum
1385 3032 1544 3106 erat,
1582 3048 1702 3110 pro
1730 3026 1997 3091 Boeotis
2024 3025 2281 3093 omnino
2310 3023 2543 3096 dican-,

269 3143 379 3203 tur
422 3139 840 3205 simulacrum
881 3145 1270 3223 reportasse,
1317 3139 1532 3204 omnia
1576 3138 1741 3204 bene
1784 3137 2163 3222 procedunt.
2235 3136 2399 3202 Nam
2440 3138 2535 3201 sic>

269 3252 534 3336 scripsit
566 3251 970 3318 Herodotus:
1019 3249 1321 3338 ,,Λη’λιον
1366 3249 1444 3320 τὸ
1476 3256 1856 3338 Θηβαίων“.
1946 3252 2087 3329 Qua
2130 3249 2199 3315 in
2242 3269 2313 3315 re
2343 3249 2531 3316 valde

270 3370 371 3428 est
416 3365 760 3430 dolendum
817 3386 945 3430 non
989 3371 1246 3430 exstare
1291 3364 1705 3444 testimonia„
1743 3362 1979 3447 quibus
2039 3362 2173 3426 nixi
2218 3361 2525 3426 diiudice—

266 3499 410 3544 mus
457 3479 668 3544 utrius
711 3479 892 3545 urbis
936 3484 1093 3544 tunc
1131 3478 1444 3562 temporis
1487 3476 1745 3542 Delium
1789 3475 2003 3541 fuerit.
2091 3476 2322 3559 Itaque
2368 3473 2530 3541 Bur-

265 3593 408 3656 sian
483 3591 746 3677 (Greogr.
791 3614 847 3656 V.
896 3590 1377 3657 Griechenland
1429 3596 1482 3671 1,
1525 3579 1678 3674 218)
1788 3610 1917 3654 non
1995 3589 2174 3668 iure,
2268 3588 2381 3653 sed
2448 3609 2529 3655 ex

270 3701 542 3770 arbitrio
603 3705 911 3771 statuisse
968 3703 1127 3768 mihi
1171 3703 1428 3768 videtur
1494 3701 1625 3767 illo·
1652 3701 1970 3767 Herodoti
2027 3701 2171 3765 loco
2234 3698 2527 3788 adhibito

265 3815 523 3882 Delium
563 3816 675 3882 illo
717 3823 1009 3902 tempore
1041 3815 1498 3882 Thebanorum
1540 3814 1759 3895 fuisse,
1801 3818 2033 3900 postea
2069 3817 2288 3900 autem
2318 3813 2527 3880 Tana-

264 3951 610 4014 gra'eorum
650 3930 892 3996 factum
937 3951 1094 4002 esse.
1165 3929 1331 3994 Nam
1377 3929 1432 3993 si
1477 3947 1827 4010 sequamur
1864 3925 2229 3991 Pausaniae
2272 3930 2526 3992 tantum

259 4043 589 4125 iudicium,
645 4042 1034 4110 credendum
1091 4042 1280 4108 nobis
1341 4041 1426 4106 sit
1471 4061 1639 4105 anno
1684 4044 1813 4106 490
1858 4039 2111 4104 Delium
2157 4038 2359 4105 fuisse
2403 4039 2527 4104 Ta-

262 4167 729 4240 nagraeorum3
785 4179 930 4224 cum
976 4157 1288 4222 traditum
1335 4154 1422 4220 sit
1462 4153 1683 4218 Datim
1727 4152 1854 4232 illis
1899 4153 2119 4217 statim
2164 4146 2525 4218 restituisse

263 4273 568 4355 statuam.
675 4274 760 4334 At
828 4270 1124 4354 quaestio
1190 4267 1473 4333 nondum
1541 4266 1628 4330 ad
1690 4265 1881 4330 finem
1952 4266 2221 4349 perduci
2255 4260 2523 4351 potest,

263 4403 409 4446 cum
456 4383 643 4448 nimis
687 4399 926 4466 magna
962 4382 1046 4446 sit
1079 4379 1551 4465 discrepantia:
1594 4385 1765 4444 teste
1794 4378 2121 4443 Pausania
2154 4378 2340 4444 Datis
2373 4399 2523 4442 con-

259 4494 476 4561 festim
513 4496 929 4562 simulacrum
954 4493 1227 4560 tradidit
1249 4493 1665 4576 Tanagraeis,
1704 4497 1779 4568 ut
1803 4493 1869 4556 in
1889 4491 2151 4567 Delium,
2174 4490 2523 4570 referrent3

2076 4597 2111 4648 3
