3109 5375
1527 544 1957 619 ...18-

589 714 820 811 religio
867 725 1237 791 Eleutheris
1278 724 1567 789 Athenas
1612 724 1935 789 translata
1982 745 2140 790 esse.
2211 723 2579 790 Eleutheris
2606 720 2865 789 Baccho

590 859 946 923 cognomen
975 834 1363 922 Ἐλεύθερος
1401 837 1534 901 sive
1562 832 1989 921 Ἐλευθερεύς
2033 837 2232 902 fuisse
2278 842 2501 901 notum
2540 843 2655 902 est.
2721 838 2865 917 Quo

589 972 672 1017 ex
732 950 1108 1035 cognomine
1174 948 1412 1014 collato
1478 970 1625 1014 cum
1692 949 1949 1014 nomine
2008 948 2404 1027 Eleutheris,
2472 946 2862 1013 Poemandri

588 1064 712 1143 avi,
759 1061 1142 1128 concludere
1189 1060 1344 1126 licet
1387 1060 1601 1126 cultus
1630 1060 1986 1126 Bacchicos
2023 1058 2521 1126 Eleutherarum
2560 1067 2626 1126 et
2654 1062 2863 1125 Tana-

589 1196 746 1258 grae
789 1174 1072 1257 quodam
1120 1187 1370 1239 conexu
1413 1174 1789 1238 coniunctos
1849 1172 2067 1253 fuisse,
2127 1194 2270 1237 cum
2331 1173 2504 1238 idem
2550 1174 2862 1239 Eleuther

589 1287 1032 1353 celebraretur
1060 1286 1400 1368 Tanagrae
1432 1290 1498 1351 et
1530 1285 1915 1351 Eleutheris.
1984 1285 2337 1351 Praeterea
2374 1285 2651 1370 legimus
2686 1286 2859 1369 apud

557 1382 911 1484 'Hyginum
956 1399 1038 1482 (c.
1075 1403 1199 1463 225
1239 1396 1336 1462 ed.
1364 1397 1719 1481 Schmidt):
1764 1397 2117 1477 „Eleuther
2151 1398 2399 1481 primus
2442 1398 2859 1464 simulacrum

587 1510 810 1576 Liberi
873 1510 1082 1595 patris
1127 1511 1162 1549 *
1199 1511 1234 1549 *
1279 1510 1619 1575 constituit
1677 1514 1745 1573 et
1807 1510 2349 1593 quemadmodum
2411 1511 2536 1575 coli
2593 1510 2863 1576 deberet

587 1623 927 1689 ostendit.“
1017 1622 1190 1707 Ergo
1236 1642 1315 1689 ea
1359 1643 1438 1687 ex
1483 1643 1574 1701 re,
1622 1622 1797 1705 quod
1844 1622 2206 1707 Tanagraei
2268 1624 2593 1689 stemmati
2641 1622 2859 1688 condi-

585 1738 747 1801 toris
791 1735 974 1800 urbis
1019 1735 1244 1819 gentili
1287 1756 1521 1801 nomen
1557 1734 1925 1818 Eleutheris
1972 1735 2433 1819 ascripserunt,
2478 1734 2709 1819 colligo
2747 1755 2859 1799 eos

585 1848 892 1913 statuisse
959 1848 1438 1913 venerationem
1509 1846 1644 1926 dei,
1716 1847 1899 1913 cuius
1966 1868 2124 1911 cum²
2180 1848 2558 1931 cognomine
2626 1869 2859 1913 nomen

585 1959 896 2025 Eleuther
937 1960 1349 2025 coniunctum
1382 1964 1544 2039 erat,
1590 1980 1710 2024 sua
1752 1979 1832 2023 ex
1864 1958 2025 2024 urbe
2052 1980 2191 2025 esse
2216 1960 2620 2040 translatam,
2664 1980 2857 2045 prae-

585 2072 811 2137 sertim
853 2092 996 2147 cum
1025 2071 1417 2138 Eleutherae
1454 2072 1755 2137 conditae
1789 2092 1928 2137 esse
1968 2070 2338 2138 dicerentur
2376 2072 2459 2137 ab
2485 2072 2856 2138 Eleuthere.

761 2184 909 2249 Una
953 2206 1098 2250 cum
1141 2182 1380 2249 Libero
1437 2184 1503 2247 in
1546 2183 1793 2250 honore
1836 2183 2207 2251 habebatur
2252 2186 2469 2271 Venus
2514 2184 2859 2267 Tanagrae

581 2303 751 2362 teste
809 2296 1134 2367 Pausania
1177 2298 1264 2381 (9,
1311 2301 1412 2376 22,
1464 2297 1561 2382 l):
1618 2293 1731 2365 Ἐν
1782 2296 2095 2388 Τανάγρᾳ
2154 2298 2224 2365 δὲ
2293 2296 2473 2383 παρὰ
2531 2296 2609 2364 τὸ
2670 2296 2858 2383 ἱερὸν

581 2418 708 2477 τοῦ
751 2406 1102 2477 Διονύσου
1150 2409 1430 2496 Θέμιδός
1475 2410 1674 2490 ἐστιν,
1724 2405 1760 2476 ὁ
1805 2411 1877 2478 δὲ
1920 2407 2329 2497 Ἀφροδίτης’,
2380 2411 2497 2479 ,καὶ
2551 2408 2587 2477 ὁ
2633 2414 2858 2495 τρίτος

580 2530 721 2589 τῶν
780 2530 968 2589 ναῶν
1007 2520 1414 2601 Ἀπόλλωνος
1455 2570 1470 2585 .
1505 2572 1518 2587 .
1552 2570 1567 2585 .
1657 2523 1801 2600 Qua
1860 2523 1926 2586 in
1985 2543 2056 2586 re
2112 2522 2269 2586 urbs
2314 2522 2592 2587 conferri
2634 2527 2857 2606 potest

583 2655 728 2700 cum
761 2632 1170 2718 Megalopoli,
1202 2632 1546 2718 Psophide,
1571 2633 1915 2718 Melangia,
1945 2633 2243 2718 Phigalia
2260 2634 2598 2716 Arcadiae.
2646 2634 2853 2698 Porro

583 2747 949 2830 Melangiae
997 2746 1337 2814 colebatur
1359 2748 1578 2814 Venus
1608 2747 1921 2812 Melaenis
1969 2749 2441 2832 cognominata,
2485 2746 2855 2812 Eleutheris

583 2859 894 2945 Boeotiae
941 2859 1238 2926 Bacchus
1281 2880 1410 2924 non
1472 2860 1679 2926 solum
1721 2860 2167 2940 Eleuthereus,
2230 2860 2343 2925 sed
2405 2861 2603 2927 etiam
2649 2859 2851 2924 Mela-

580 2973 824 3056 naegis.
914 2972 1184 3039 Athenis
1241 2993 1394 3037 vero
1441 2959 1677 3038 Libero
1745 2972 2071 3056 quondam
2140 2974 2521 3056 cognomina
2586 2972 2853 3038 fuerunt

581 3083 1016 3150 Melanthides
1061 3089 1127 3148 et
1171 3083 1613 3168 Melanaegis.·
1676 3086 1856 3163 Quae
1898 3085 2006 3150 dei
2047 3085 2295 3150 formae
2332 3106 2412 3150 ex
2443 3084 2851 3150 Cithaeronis

582 3196 857 3277 sacellis,
925 3218 1092 3280 quae
1139 3196 1507 3263 Eleutheris
1552 3191 1621 3263 et
1661 3197 1973 3262 Melaenis
2029 3197 2354 3282 oppidulis
2414 3197 2695 3278 fuerunt,
2763 3197 2848 3262 ab

579 3310 814 3374 Atticis
846 3315 1150 3394 receptae
1185 3331 1325 3375 esse
1359 3310 1676 3377 videntur.
1738 3310 1945 3375 Heros
1992 3317 2208 3376 autem
2243 3310 2684 3377 Melaenarum
2716 3310 2846 3375 Me-

578 3421 844 3488 lanthus
891 3423 1192 3506 congruit
1237 3443 1381 3488 cum
1415 3422 1673 3488 Baccho
1706 3422 2105 3488 Melanthid‘e
2136 3427 2203 3486 et
2233 3423 2681 3507 Melanaegide
2722 3415 2849 3487 hac

577 3535 645 3598 in
703 3535 969 3618 regione
1028 3534 1405 3600 clarissimo.
1495 3534 1679 3600 Haec
1723 3536 2105 3618 cognomina
2150 3534 2408 3600 Baccho
2454 3542 2642 3601 erant
2690 3536 2847 3601 data

578 3646 731 3712 olim
763 3651 1017 3712 tantum
1041 3647 1354 3714 Melaenis
1387 3647 1735 3729 celebrat0,
1776 3647 2205 3713 Eleuthereus
2237 3654 2453 3712 autem
2480 3648 2847 3712 Eleutheris

579 3759 794 3824 cultus
840 3760 1328 3843 cognominatus
1375 3765 1533 3824 erat.
1600 3760 1917 3845 Tempore
1961 3781 2114 3825 vero
2159 3762 2519 3825 recentiore
2554 3755 2711 3826 'cum
2740 3761 2846 3824 Li-

575 3871 718 3936 beri
761 3869 1178 3937 Melanthidis
1237 3877 1375 3938 tum
1421 3872 1859 3959 Ὲλευθερὲως
1903 3874 2384 3938 venerationem
2436 3873 2706 3938 Athenis
2747 3874 2845 3937 in—

575 3984 882 4048 venimus.
960 3984 1256 4050 Bacchus
1303 3990 1522 4050 autem
1562 3987 1630 4050 in
1674 3984 1919 4052 honore
1966 3984 2230 4050 habitus
2267 3987 2333 4051 in
2365 3985 2492 4050 illis
2524 3985 2844 4050 Arcadiae

579 4096 854 4161 urbibus
898 4119 1030 4163 una
1075 4118 1221 4162 cum
1270 4099 1521 4164 Venere
1554 4099 2041 4183 Epaminondae
2088 4104 2305 4163 aetate
2347 4102 2657 4182 receptus
2705 4117 2845 4162 esse

574 4207 733 4273 mihi
805 4209 1063 4274 videtur
1111 4211 1254 4295 '(cf.
1301 4210 1633 4295 Toepffer,
1682 4213 1812 4277 Att.
1858 4211 2018 4276 Gen.
2064 4234 2126 4294 p.
2174 4216 2331 4292 2313
2408 4209 2844 4290 Immerwahr,

573 4320 768 4387 Kulte
813 4346 873 4387 u.
909 4323 1172 4408 Mythen
1213 4323 1578 4389 Arkadiens
1623 4344 1683 4408 p.
1722 4325 1889 4407 190),
1938 4345 2067 4406 qua
2113 4328 2329 4388 aetate
2370 4345 2475 4388 res
2525 4323 2845 4390 Arcadiae

574 4435 918 4500 restitutae
968 4441 1120 4502 sunt
1163 4437 1360 4502 etiam
1409 4435 1803 4521 Megalopoli
1850 4436 2011 4501 urbe
2058 4436 2337 4501 condita.
