3109 5375
1423 1488 1546 1557 De
1572 1482 2029 1557 ‘Meretri-io.
2572 1518 2690 1580 „s-

569 1734 576 1746 ·
758 1650 1066 1717 Mercurii
1141 1652 1316 1736 apud
1389 1652 1805 1733 Tanagraeos
1877 1651 2105 1734 religio
2184 1649 2635 1733 antiquissima
2715 1670 2857 1715 esse

587 1762 860 1842 videtur,
929 1785 1072 1827 cum
1134 1762 1348 1827 desint
1405 1763 1700 1845 vestigia,
1759 1762 1931 1828 unde
1994 1762 2293 1828 concludi
2349 1764 2556 1845 possit
2600 1762 2727 1827 alio
2758 1784 2854 1827 ·ex

588 1875 732 1939 loco
778 1896 918 1940 eam
965 1875 1762 1959 Tanagram-translatam
1809 1893 1965 1940 esse.
2053 1876 2407 1941 Praeterea
2448 1895 2678 1941 moneo
2709 1896 2854 1941 eam

495 2054 500 2057 .
587 1992 722 2051 tam
780 1986 977 2053 fuisse
1040 1988 1431 2072 singularem
1500 1992 1567 2052 et
1607 1988 1881 2069 unicam,
1946 1993 2022 2053 ut
2063 2008 2333 2071 prorsus
2384 1988 2717 2053 reicienda
2770 1988 2857 2053 sit
2970 1978 2979 1985 ¹

587 2100 805 2185 opinio
874 2122 1017 2165 eam
1105 2100 1367 2165 aliunde
1445 2105 1775 2183 receptam
1843 2120 1985 2165 esse
2059 2100 2540 2165 affirmantium.
2651 2102 2851 2179 Quem

590 2211 782 2277 deum
828 2217 1047 2278 aetate
1089 2213 1542 2295 antiquissima
1587 2211 1707 2277 sub
1753 2212 1991 2295 lapidis
2036 2213 2252 2296 specie
2290 2213 2483 2283 etiam
2516 2214 2857 2296 Tanagrae

590 2324 933 2390 adoratum
966 2346 1106 2391 esse
1139 2326 1274 2389 veri
1308 2324 1514 2389 simile
1555 2329 1654 2392 est
1681 2326 1787 2409 (cf.
1814 2326 2052 2410 Meyer,
2078 2324 2309 2390 Gesch.
2336 2325 2396 2395 d.
2423 2325 2547 2389 Alt.
2578 2330 2634 2405 2,
2662 2326 2695 2411 ξ
2728 2325 2859 2409 63),

591 2459 739 2502 cum
790 2443 1284 2503 conservaretur
1328 2437 1662 2519 religionis
1697 2438 2083 2521 antiquioris
2112 2438 2426 2511 memoria
2462 2437 2629 2523 lapis
2658 2438 2853 2521 (Plut.

589 2569 693 2632 qu.
743 2548 855 2614 Gr.
906 2553 1048 2634 37):
1142 2555 1572 2636 Ποίμανδρος
1628 2605 1641 2617 .
1694 2605 1705 2619 .
1756 2605 1767 2618 .
1835 2551 1929 2619 ἔτι
1986 2558 2102 2637 τῆς
2161 2557 2622 2637 Ταναγραϊκῆς
2690 2547 2857 2617 κατὰ

589 2660 813 2748 κώμας
859 2662 1254 2750 οἰκουμένης
1294 2718 1306 2731 .
1343 2718 1355 2730 .
1388 2718 1401 2731 .
1449 2662 1576 2750 τῆν
1626 2666 2089 2750 Ποιμανδρίαν
2136 2663 2403 2750 ἐτείχισε
2437 2714 2450 2726 .
2488 2717 2500 2730 .
2538 2717 2549 2730 .
2596 2660 2854 2749 ὥρμησε

589 2779 791 2843 λίθον
824 2776 1131 2863 ἐμβαλεῖν
1163 2773 1346 2866 αὐτῷ
1385 2777 1615 2863 μέγαν,
1660 2769 1731 2856 ὃς
1758 2766 1879 2862 ἦν.
1909 2830 1921 2842 .
1956 2777 2412 2862 κεκρυμμένος
2450 2776 2521 2844 ἐκ
2552 2780 2859 2855 παλαιοῦ,

600 2892 968 2968 νυκτελίοις
1015 2877 1217 2973 ἱεροῖς
1261 2889 1686 2975 ἐπικείμενος.
1778 2888 1904 2954 Sed
1966 2909 2109 2952 cum
2168 2887 2482 2971 paulatim
2544 2888 2663 2952 sub
2716 2885 2861 2951 aliis

597 2999 937 3084 speciebus
997 3001 1101 3069 dei
1161 3000 1667 3080 celebrarentur,
1725 2999 1834 3064 ille
1896 3021 2153 3084 quoque
2211 3001 2378 3084 lapis
2436 3023 2476 3064 a
2532 2999 2858 3065 nobilibus

589 3113 1034 3204 neglectuset
1075 3117 1325 3177 tantum
1384 3113 1619 3178 ritibus
1679 3114 1934 3178 arcanis
1990 3115 2056 3178 in
2116 3113 2361 3178 honore
2406 3113 2669 3212 habitus
2714 3133 2855 3178 esse

487 3261 494 3266 ·
587 3224 861 3289 videtur.

764 3337 977 3422 Etiam
1019 3337 1335 3424 imagines
1367 3337 1855 3420 antiquissimae
1888 3337 2189 3402 Mercurii
2229 3338 2625 3421 Tanagraeis
2657 3338 2856 3403 fuisse

590 3427 906 3515 videntur.
1010 3449 1154 3514 Huc
1209 3449 1481 3528 accedit,
1546 3450 1719 3533 quod
1776 3450 1898 3533 ipsi
1959 3449 2323 3533 Tanagraei
2385 3450 2649 3532 gloriati
2710 3455 2860 3516 sunt

591 3583 709 3626 sua
770 3562 836 3625 in
899 3561 1062 3626 urbe
1116 3561 1304 3626 deum
1353 3583 1492 3628 esse
1539 3568 1764 3626 natum
1813 3569 1880 3625 et
1923 3562 2310 3627 adolevisse:
2391 3564 2531 3641 Quo
2575 3563 2859 3646 pertinet

589 3673 696 3738 hic
727 3673 1090 3738 Pausaniae
1125 3677 1210 3759 (9,
1243 3680 1342 3754 20,
1379 3676 1691 3756 3),locus:
1730 3671 1915 3742 ’,Ἑστι-
1950 3728 1962 3741 .
2000 3729 2011 3741 .
2048 3729 2061 3742 .
2096 3671 2251 3758 ὅρος
2283 3652 2659 3761 Κηρύκιονζ
2692 3676 2855 3742 ἔνθα

583 3784 828 3873 Ἑρμῆν
881 3795 1200 3872 τεχθῆναι
1259 3772 1589 3872 λε’νουσιν,
1652 3785 1870 3869 Πόλος
1913 3813 1980 3854 τε
2030 3786 2520 3874 ὀνομαζόμενον
2578 3793 2853 3874 χωρίον·

589 3901 887 3968 ἐνταῦθα
917 3896 1220 3982 ,Ἄτλαντα
1266 3897 1651 3985 καθήμενον
1694 3907 2280 3986 πολυπραγμονεῖν
2324 3901 2411 3966 τοί
2450 3925 2519 3968 τε
2564 3897 2695 3968 ὑπὸ
2728 3909 2857 3986 γῆν

561 4013 756 4096 ’φασὶ
788 4013 899 4079 καὶ
942 4010 1022 4078 τὰ
1064 4008 1365 4097 οὐράνια.
1457 4013 1555 4076 Ex
1602 4011 1824 4077 eodem
1871 4011 2013 4076 loco
2062 4012 2355 4095 sequitur
2424 4014 2619 4076 etiam
2667 4033 2857 4076 avum

591 4126 929 4208 Tanagrae
999 4126 1395 4191 celebratum
1470 4146 1628 4190 esse.
1741 4124 2034 4190 Alterum
2107 4147 2363 4208 quoque
2426 4126 2659 4204 locum,
2729 4146 2857 4208 quo

590 4238 877 4303 traditur
937 4237 1096 4302 deus
1157 4238 1497 4322 Tanagrae
1569 4237 1882 4303 educatus
1946 4260 2104 4317 esse,
2169 4237 2445 4322 praebet
2500 4213 2859 4302 Pausanias

591 4354 678 4434 (9,
725 4356 826 4428 22,
871 4348 970 4425 2‘):
1020 4361 1229 4419 κεῖται
1257 4354 1331 4418 δὲ
1359 4352 1431 4417 ἐν
1463 4360 1589 4418 τοῦ
1615 4350 1979 4437 Προμάχου
2011 4360 2104 4440 τῷ
2137 4355 2293 4440 ἱερῷ
2330 4360 2447 4436 τῆς
2477 4348 2859 4435 ἀνδράχνου

590 4461 668 4530 τὸ
706 4460 1101 4530 ὑπόλοιπον·
1148 4473 1484 4548 τραφῆναι
1513 4464 1584 4531 δὲ
1620 4460 1749 4531 ὑπὸ
1783 4471 1876 4552 τῷ
1908 4465 2163 4554 δένδρῳ
2210 4461 2330 4530 τὸν
2362 4460 2609 4549 Ἑρμῆν
2639 4460 2856 4553 τούτῳ
