3109 5375
1261 570 1515 645 ——23
1609 604 1691 615 ..-

512 738 946 821 Apollinarem
1006 743 1222 803 autem
1282 738 1524 803 cultum
1590 719 1928 823 Tanagrae
1989 744 2131 804 arte
2194 740 2602 806 coniunctum

337 850 534 916 fuisse
603 872 747 915 cum
815 850 1058 915 Bacchi
1123 851 1537 917 veneratione
1608 849 1715 937 (cf.
1782 850 2038 917 Gilbert
2102 875 2164 937 p.
2212 854 2367 938 487)
2434 874 2604 918 nunc
2732 872 2765 889 ’-

337 962 692 1046 explicabo.
799 962 1064 1027 Illarum
1129 962 1435 1030 Boeotiae
1507 962 1844 1047 regionum
1924 964 2135 1029 cultus
2210 964 2603 1048 Apollinaris

336 1074 461 1139 fuit
519 1074 792 1154 IonicuS‚
852 1076 965 1158 qui
1025 1096 1106 1139 ex
1148 1075 1310 1142 Delo
1372 1076 1438 1140 in
1487 1076 1769 1141 Atticam
1828 1081 1894 1141 et
1936 1074 2275 1142 Boeotiam
2334 1074 2601 1162 (Strabo

334 1181 400 1271 pl
427 1187 599 1271 403),
648 1186 797 1252 inde
831 1187 1118 1271 Delphos
1151 1193 1295 1253 erat
1337 1187 1713 1253 translatus.
1791 1188 1919 1254 Ubi
1960 1209 2106 1253 cum
2135 1193 2410 1272 uterque
2440 1188 2601 1255 deus

337 1304 479 1365 arte
524 1300 904 1365 coniunctus
939 1305 1110 1365 esset
1153 1298 1258 1384 (cf.
1290 1300 1449 1383 Aug.
1484 1299 1872 1366 Mommsen:
1920 1298 2236 1385 Delphica
2275 1306 2396 1367 114
2412 1302 2601 1387 sqq.),

335 1417 402 1477 et
457 1410 778 1497 Thyiades
839 1409 1125 1496 Delphos
1184 1412 1511 1497 petiturae
1572 1411 1799 1478 eadem
1857 1412 1963 1477 via
2022 1431 2211 1478 sacra
2264 1416 2604 1480 uterentur

335 1530 532 1608 atque
591 1524 847 1589 theoria
904 1524 1239 1608 Delphica,
1300 1525 1454 1608 quin
1512 1524 1724 1590 cultus
1785 1524 2177 1609 Apollinaris
2237 1531 2305 1590 et
2359 1525 2602 1592 Bacchi

334 1636 689 1720 Delphicus
722 1635 1046 1719 quandam
1072 1637 1196 1701 vim
1222 1636 1530 1702 habuerit
1559 1637 1625 1701 in
1651 1636 1830 1701 cultu
1854 1637 2233 1719 Tanagraeo
2257 1637 2597 1716 Bacchico,

313 1750 718 1833 ‘praesertim
781 1770 926 1814 cum
993 1748 1386 1833 Apollinaris
1459 1748 1671 1814 cultus
1704 1749 2151 1833 ·Tanagraeus
2214 1750 2599 1833 purissimus

333 1862 726 1940 traderetur,
788 1861 1076 1928 dubitari
1135 1882 1262 1927 non
1301 1867 1534 1946 potest.
1626 1862 1925 1928 Ceterum
1972 1862 2313 1946 Tanagrae
2357 1862 2599 1928 Bacchi

334 1981 400 2040 et
444 1974 688 2039 Phoebi
738 1974 984 2058 templa
1027 1978 1216 2039 erant
1257 1974 1627 2059 propinqua
1668 1974 1883 2059 (Paus.
1931 1980 1989 2054 9,
2036 1980 2137 2053 22,
2190 1976 2269 2061 1).

330 2162 333 2169 ,
506 2086 731 2151 Liceat
772 2108 944 2152 nunc
987 2092 1276 2152 tractare
1321 2087 1402 2153 de
1447 2086 1677 2152 fabula
1708 2086 1925 2152 Liberi
1961 2109 2103 2153 cum
2134 2086 2399 2152 Tritone
2446 2108 2595 2153 con-

331 2200 552 2265 iuncti.
622 2201 764 2278 Qua
807 2198 887 2265 de
934 2199 1312 2284 quaestione
1357 2220 1398 2265 a
1432 2199 1589 2265 viris
1634 2198 1842 2265 doctis
1878 2198 2437 2265 vehementissime
2470 2199 2599 2266 dis-

333 2317 663 2396 ceptatum
686 2316 800 2377 est.
850 2311 1198 2377 Referendi
1229 2316 1381 2376 sunt
1412 2310 1497 2376 ad
1524 2310 1703 2376 illam
1732 2311 2021 2377 fabulam
2061 2298 2304 2376 nummi
2335 2310 2600 2395 quidam

331 2425 715 2507 Tanagraei,
755 2425 822 2489 in
860 2423 1094 2508 quibus
1140 2423 1365 2488 fabula
1408 2423 1524 2487 illa
1570 2445 1879 2508 expressa
1918 2445 2059 2489 esse
2106 2423 2379 2490 videtur.

503 2535 1075 2603 Imhoof-Blumer
1121 2536 1349 2621 (Wien.
1398 2535 1586 2601 Num.
1632 2536 1947 2602 Zeitschr.
1992 2544 2050 2617 9,
2099 2539 2207 2622 33)
2261 2536 2356 2602 sic
2399 2559 2597 2602 unum

334 2670 414 2715 ex
455 2649 560 2714 his
599 2648 875 2713 nummis
917 2648 1294 2732 descripsit:
1342 2648 1548 2715 Unter
1596 2648 1740 2714 dem
1782 2648 2038 2716 Gebalk
2078 2649 2259 2715 eines
2300 2648 2596 2735 Tempels

332 2763 490 2827 oder
547 2761 852 2826 Portikus
918 2762 1091 2826 steht
1153 2760 1450 2831 linkshin
1499 2762 1819 2846 Dionysos
1883 2761 1950 2825 in
2017 2760 2280 2827 kurzem
2344 2762 2596 2840 Chiton,
2697 2742 2704 2758 ⁴

332 2876 519 2940 einen
547 2873 920 2938 Kantharos
964 2874 1030 2936 in
1077 2875 1194 2938 der
1233 2875 1519 2953 rechten3
1566 2875 1752 2938 einen
1783 2873 2067 2958 Thyrsos
2107 2873 2174 2938 in
2219 2874 2335 2938 der
2376 2873 2594 2938 linken

332 2987 540 3052 Hand.
641 2987 734 3050 Zu
795 2986 1030 3051 beiden
1086 2986 1324 3064 Seiten,
1384 2987 1502 3051 auf
1552 2985 1768 3051 hohen
1829 2986 2306 3064 Postamenten,
2368 2986 2593 3051 stehen

329 3101 483 3164 zwei
529 3098 892 3164 mannliche
924 3099 1222 3182 Figuren,
1271 3098 1413 3163 dem
1451 3097 1647 3163 Gotte
1693 3098 2122 3182 zugewendet‚
2164 3099 2296 3192 und
2338 3099 2449 3163 ihu
2484 3098 2594 3163 be-

331 3210 674 3276 kranzend.
763 3212 857 3276 Zu
899 3211 1024 3276 den
1069 3211 1313 3275 Fiissen
1363 3210 1647 3275 linkshin
1710 3210 1961 3294 bewegt
2018 3211 2157 3276 sich
2202 3212 2305 3275 ein
2350 3210 2594 3290 Triton,

330 3324 448 3388 das
508 3323 762 3406 b'artige
825 3323 1048 3407 Haupt
1104 3322 1677 3421 zuriickwendend.
1779 3323 2131 3388 Praeterea
2195 3323 2435 3405 legitur
2498 3323 2594 3386 in-

331 3436 596 3520 scriptio
653 3442 1230 3503 ΤΑΝΛ-ΓΡΑΙ-
1245 3442 1402 3504 «ΩΝ.
1493 3436 1567 3499 In
1600 3434 1806 3501 altero
1838 3435 2044 3501 latere
2077 3435 2347 3518 legitur:
2386 3442 2593 3502 AYT.

331 3555 520 3617 ΚΑΙ.
567 3553 1209 3616 ΑΝΤΩΝΕΙΝΟΣ
1248 3554 1711 3616 ΕῩΣΕΒΗΣ.
1760 3549 2002 3613 circum
2026 3547 2109 3612 Μ.
2128 3547 2376 3614 Aurelii
2398 3553 2597 3632 caput

327 3661 711 3726 laureatum.
801 3660 1090 3724 Eundem
1137 3681 1464 3725 nummum
1510 3661 1779 3745 allatum
1820 3681 1960 3726 esse
2005 3681 2235 3726 censeo
2291 3661 2357 3724 in
2416 3666 2593 3725 cata-

325 3773 475 3856 logo
523 3794 929 3838 nummorum
962 3772 1170 3838 Musei
1203 3772 1563 3838 Britannici
1608 3772 1936 3858 (Centrale
1966 3773 2213 3839 Greece
2241 3778 2321 3838 66
2354 3793 2455 3838 no.
2482 3775 2593 3858 60)

329 3907 475 3950 cum
519 3885 860 3969 utriusque
905 3887 1036 3952 loci
1078 3884 1427 3969 descriptio
1472 3885 1667 3969 plane
1713 3891 2049 3970 congruat.
2472 3863 2481 3872 ¹

500 3998 753 4062 Primus
799 3996 1370 4063 Imhoof-Blumeri
1427 4017 1689 4063 nummo
1741 4003 1807 4062 et
1864 3998 2008 4063 loco
2054 3999 2416 4063 Pausaniae
2462 3997 2592 4062 col-

326 4110 476 4175 latis
524 4111 593 4174 E.
641 4109 899 4177 Curtius
947 4108 1164 4193 (Arch.
1195 4110 1354 4175 Zeit.
1402 4116 1585 4190 1883,
1632 4114 1785 4194 255)
1833 4110 1912 4175 de
1954 4110 2219 4176 Tritone
2266 4110 2415 4192 egit.
2505 4111 2592 4174 At

327 4222 686 4287 arbitratus
749 4229 849 4288 est
892 4223 1218 4286 Tritonem
1284 4242 1540 4305 quoque
1603 4220 1801 4286 fuisse
1859 4223 2225 4301 artificium,
2288 4222 2356 4287 id
2416 4220 2603 4305 quod·

324 4335 455 4398 iam
479 4334 842 4398 Pausaniae
881 4333 1096 4398 verbis
1140 4334 1481 4399 refuta-tur.
1545 4334 1720 4400 Idem
1754 4335 2000 4418 primus
2030 4334 2263 4400 statuit
2283 4333 2590 4400 Liberum
2672 4389 2675 4395 .

327 4443 809 4512 adulescentem
873 4452 1434 4529 repraesentatum
1504 4468 1644 4513 esse
1718 4448 1910 4514 sicuti
1980 4445 2438 4532 Aesculapium
2505 4445 2589 4512 ab
