3109 5375
1137 663 1314 693 .-
1402 628 1477 689 21
1552 588 1659 675 ⁴-

309 795 414 865 dei
444 799 757 864 adventus
791 804 856 862 et
885 798 1077 863 finem
1109 797 1414 862 habuisse
1447 783 1512 862 in
1544 797 1666 862 deo
1700 795 2123 862 dilacerando
2152 802 2219 863 et
2248 793 2571 865 aPallade

311 934 350 976 a
392 917 602 976 morte
649 910 732 976 ad
777 911 876 976 vi*
913 933 974 976 m
1021 898 1392 981 revocando
1431 910 1538 997 (cf.
1574 910 1829 977 Gilbert
1860 912 2113 996 p.297).
2181 913 2269 977 At
2310 914 2573 997 scripsit
2672 1002 2679 1006 .

221 1114 224 1117 ἡ
279 1024 402 1089 sic
442 1021 1056 1095 Plutarchus:·,sZw
1103 1021 1432 1092 παύονται
1469 1024 1583 1091 καὶ
1628 1076 1641 1089 .
1679 1072 1692 1087 .
1728 1076 1741 1089 .
1832 1020 1901 1087 Si
1945 1022 2055 1087 alii
2100 1045 2358 1107 quoque
2402 1025 2569 1091 ritus

309 1138 504 1216 sacri,
574 1140 736 1226 quo’s,
801 1137 932 1201 iam
998 1129 1550 1215 commemoravit,
1616 1137 1822 1199 secuti
1887 1141 2128 1217 essent,
2168 1135 2315 1223 [non
2364 1138 2571 1238 ⁴¹intel-

307 1231 686 1331 legeremus,
757 1270 872 1313 cur
933 1269 1043 1313 eos
1109 1269 1238 1313 non
1297 1248 1617 1313 allaturus
1678 1243 1894 1316 fuerit.
2000 1247 2128 1313 Sed
2183 1249 2323 1333 ipse
2372 1228 2570 1315 finem
2662 1272 2665 1278 ¹

307 1360 496 1437 fecit:
542 1360 888 1431 παύονται.
978 1340 1126 1442 Quo⁶
1163 1359 1362 1426 verbo
1404 1360 1597 1425 fin‘em
1643 1360 1801 1426 fecit
1822 1358 2258 1427 enarrationi.
2296 1387 2301 1395 ·
2341 1362 2573 1446 Itaque

307 1474 596 1539 videmus
657 1496 802 1539 eum
859 1495 987 1540 non
1041 1474 1120 1539 de
1183 1474 1484 1554 adventu,
1562 1472 1674 1539 sed
1730 1472 1810 1539 de
1869 1472 2162 1539 discessu.
2219 1480 2570 1556 tractasse:

306 1587 373 1652 id
421 1587 594 1670 quod
655 1588 850 1652 etiam
909 1574 1050 1652 alio
1097 1592 1478 1671 argumento
1541 1585 1761 1652 fulciri
1816 1591 2055 1670 potest.
2143 1578 2339 1652 Liber
2380 1587 2571 1653 vehe-

306 1704 558 1764 menter
612 1720 653 1764 a
695 1700 992 1785 Lycurgo
1051 1698 1150 1783 (Il.
1197 1700 1264 1779 Z,
1308 1702 1431 1779 128
1457 1700 1626 1782 sqq.)
1689 1704 1963 1764 vexatus
2022 1702 2087 1763 et
2144 1704 2410 1765 coactus
2472 1706 2573 1765 est

309 1792 656 1895 confugere
700 1813 782 1875 in<
810 1833 990 1877 mare
1037 1811 1122 1877 ad
1146 1791 1520 1901 *Thetidem
1600 1810 1742 1877 Hoc
1785 1829 1978 1896 quem
2022 1816 2383 1877 tractamus
2427 1812 2569 1877 loco

308 1924 502 1989 deum
559 1925 642 1990 acl
686 1924 908 1990 Musas
971 1922 1274 2014 effugisse
1330 1924 1609 1990 feminae
1671 1923 1913 1989 dicunt.
2001 1924 2249 1989 Preller
2291 1924 2462 2009 (Ber.
2511 1926 2569 1993 d.

308 2024 528 2103 S'achs.
578 2037 723 2102 GeS.
771 2038 830 2103 cl.
866 2038 960 2101 W.
1011 2044 1194 2117 1855,
1241 2036 1313 2119 Β.
1362 2042 1419 2117 7,
1467 2038 1579 2125 26)
1630 2037 1761 2129 iam
1816 2033 2061 2104 dudum
2096 2035 2573 2116 'demonstravit

307 2149 412 2215 dei
477 2148 696 2233 fugam
763 2149 847 2216 ad
908 2150 1130 2215 Musas
1185 2150 1355 2215 idem
1431 2150 1555 2215 sibi
1620 2150 1785 2245 velle
1843 2155 2041 2233 atque
2101 2148 2186 2215 ad
2230 2150 2571 2217 Thetidem

307 2261 415 2346 (cf.
463 2260 720 2327 Gilbert
762 2286 824 2347 p.
866 2263 1038 2347 487),
1099 2263 1348 2327 scilicet
1407 2262 1492 2327 ad
1548 2256 1867 2347 nymphas
1924 2262 2217 2343 fontium,
2276 2267 2341 2328 et
2379 2268 2573 2347 putat

306 2370 530 2440 Iliadis
574 2374 864 2461 mythum
907 2397 946 2440 a
991 2372 1246 2441 feminis
1290 2374 1553 2440 Boeotis
1616 2375 1874 2441 mimica
1933 2379 2188 2441 tantum
2242 2380 2383 2442 arte
2430 2396 2571 2441 esse

305 2478 885 2572 repraesentatum.
1063 2471 1068 2475 γ

478 2601 916 2666 Bacchanalia
959 2598 1366 2689 (Ἀγριώνια)
1426 2599 1629 2682 igitur
1686 2605 1875 2667 erant
1929 2600 2135 2666 festus
2178 2600 2570 2667 discedentis

303 2714 526 2781 Liberi
571 2714 722 2781 (1166.
814 2713 1008 2780 Liber
1060 2715 1200 2798 ipse
1246 2715 1406 2781 deus
1463 2714 1591 2779 fuit
1632 2715 1802 2779 veris
1848 2714 1931 2781 ab
1976 2715 2195 2798 Agrio,
2243 2715 2363 2780 deo
2409 2719 2570 2780 tem-

305 2828 576 2913 pestatis
623 2827 952 2908 brumalis„
1000 2823 1386 2892 vexatus'=et
1427 2827 1636 2893 victus
1679 2830 1783 2913 (cf.
1818 2826 2088 2919 Usener,
2137 2827 2335 2893 Gssttl.
2371 2827 2563 2913 Syno-

304 2962 530 3026 nyme;
621 2941 848 3008 Rhein.
899 2939 1059 3006 Mus
1131 2939 1239 3020 53,
1287 2940 1566 3026 375s76).
1659 2939 1905 3020 Quibus
1975 2961 2055 3005 ex
2136 2937 2569 3005 fundamentis

304 3037 714 3118 naturalibus
777 3058 958 3118 ortus
1018 3059 1118 3116 est
1176 3053 1467 3138 mythuS,
1535 3053 1649 3136 qui
1707 3050 2114 3118 caerimoniis
2179 3053 2383 3118 sacris
2441 3048 2570 3117 illis

304 3166 785 3250 repraesentari
828 3164 1098 3231 solebat.
2609 3153 2611 3156 ’

479 3278 672 3344 Aliud
703 3284 918 3343 exstat
948 3283 1399 3362 argumentum
1433 3277 1607 3362 apud
1638 3277 2029 3363 Hesychium
2065 3299 2111 3344 6.
2134 3301 2189 3342 v.
2212 3275 2569 3364 Ἅγριάνια·

305 3393 497 3475 (corr.
557 3413 636 3456 ex
676 3387 1038 3478 Ἀγρίανα·)
1082 3389 1355 3460 νεκύσια
1414 3389 1594 3476 παρὰ
1638 3387 1946 3477 Ἀργείοις
2007 3392 2121 3458 καὶ
2180 3387 2437 3476 ἀγῶνες
2497 3389 2572 3456 ἐν
2654 3433 2661 3447 =

313 3495 604 3591 Θήβαις(
670 3503 1010 3568 Nonnullis
1054 3503 1215 3569 locis
1263 3503 1452 3568 deum
1486 3501 1900 3568 tradiderunt
1933 3525 2061 3568 non
2095 3501 2413 3586 effugisse,
2460 3503 2573 3569 sed

303 3617 719 3685 interfectum
783 3638 952 3694 esse,
1033 3621 1108 3681 ut
1164 3614 1460 3701 Delphis,
1542 3616 1657 3682 ubi
1730 3615 1925 3680 etiam
2002 3617 2139 3682 eius
2204 3617 2570 3701 sepulcrum

305 3730 812 3795 monstrabatur.
917 3729 1056 3793 Nec
1117 3730 1328 3794 minus
1398 3735 1497 3794 est
1562 3728 1952 3794 monendum
2011 3730 2228 3794 Iovem
2314 3749 2571 3814 quoque

308 3843 698 3923 Cretensem,
759 3841 940 3906 cuius
998 3844 1387 3907 mentionem
1446 3844 1575 3907 iam
1635 3842 1778 3922 feci,
1847 3840 2124 3907 interfici
2182 3847 2249 3906 et
2295 3841 2569 3926 sepeliri.

309 3956 514 4033 Quam
561 3953 646 4019 ob
681 3975 818 4018 rem
864 3954 1136 4022 νεκύσια
1176 3954 1563 4031 vocabulum
1598 3955 1692 4018 sic
1726 3953 2177 4039 explicandum
2208 3975 2349 4020 esse
2377 3959 2569 4038 puto:

190 4131 195 4134 .
311 4067 500 4150 Argis
546 4066 742 4131 Liber
797 4071 1326 4149 repraesentatus
1381 4073 1480 4131 est
1523 4065 2043 4133 Bacchanal-ibus
2107 4087 2235 4132 non
2298 4065 2570 4150 fugiens,

308 4179 422 4251 sed
466 4170 950 4244 interficiendus
998 4180 1188 4245 sicuti
1232 4180 1522 4265 Delphis,
1611 4179 1767 4246 Inde
1814 4179 2106 4263 sequitur
2146 4178 2572 4244 Bacchanali-

308 4291 431 4358 bus
479 4290 852 4370 discessum,
898 4312 1026 4355 non
1073 4292 1419 4357 adventum
1465 4291 1571 4357 dei
1615 4291 2015 4357 celebratum
2054 4311 2211 4357 esse.
2277 4291 2413 4376 Qui,
2432 4291 2571 4356 dies

308 4404 517 4468 festus
547 4419 800 4486 ‘'mag-na
838 4405 908 4468 in
952 4403 1260 4468 Boeotiae
1304 4409 1493 4488 parte
1539 4411 1727 4469 actus
1775 4424 1916 4468 esse
1961 4403 2235 4485 videtur,
2262 4435 2267 4442 ·
2291 4403 2571 4470 fortasse

312 4517 508 4581 etiam
552 4517 890 4600 Tanagrae
935 4515 1126 4602 (Plut.
1175 4517 1247 4584 ἐν
1293 4526 1432 4598 τοῖς
1475 4513 1623 4603 παρ’
1676 4515 1833 4604 ἡμῖν
1881 4513 2321 4603 Ἀγριωνίοις).
