3109 5375
1468 595 1579 658 ,-
1666 560 1922 627 20-

576 754 702 819 que
737 738 1190 811 convenerunt,
1237 732 1462 799 eodem
1494 734 1715 800 furore
1752 732 2126 800 affecerunt.
2158 802 2178 813 ,
2206 736 2574 800 Posteriore
2618 742 2837 801 autem

545 848 550 853 '
577 852 795 911 aetate
827 849 1007 910 certo
1041 845 1265 917 ordine
1297 846 1448 911 festi
1479 846 1617 911 dies
1650 851 1801 911 sunt
1834 848 2115 913 instituti
2153 854 2220 913 et
2254 846 2531 913 feminae
2568 849 2837 930 electae,

575 957 822 1042 quibus·
855 957 1266 1030 sacerdotum
1310 978 1581 1023 munera
1614 960 2082 1026 mandarentur
2125 960 2398 1045 (Rohde‚
2444 960 2701 1046 Psyche·
2722 962 2839 1043 112,

576 1078 692 1153 223
737 1078 820 1137 44
837 1074 1022 1155 sqq.).
1113 1069 1525 1137 Afferendum
1575 1078 1673 1136 est
1711 1072 1840 1154 boc
1880 1070 2025 1137 loco
2070 1070 2234 1136 illud
2279 1072 2547 1138 Diodori
2603 1076 2689 1159 (4,
2734 1076 2835 1156 3):

571 1186 683 1253 καὶ
727 1182 886 1265 τοὺς
927 1185 1049 1271 μὲν
1095 1182 1436 1265 Βοιωτοὺς
1479 1186 1591 1253 καὶ
1640 1182 1798 1265 τοὺς
1856 1181 2099 1265 ἄλλους
2144 1182 2465 1273 ’Ἕλληνας
2507 1187 2618 1253 καὶ
2666 1194 2835 1277 Θρᾷ-

569 1323 690 1377 κας
733 1341 815 1349 -
858 1299 1236 1385 καταδεῖξαι
1279 1296 1394 1378 τὰς
1437 1301 1851 1385 τριετηρίδας
1913 1301 2151 1378 θυσίας
2192 1297 2511 1387 Διονύσῳ
2556 1300 2667 1367 καὶ
2702 1298 2837 1367 ’τὸν

570 1408 739 1478 θεὸν
798 1413 1092 1497 νομίζειν
1149 1409 1317 1482 κατὰ
1370 1409 1491 1479 τὸν
1531 1408 1782 1495 χρόνον
1822 1403 2070 1478 τοῦτον
2114 1420 2453 1479 ποιεῖσθαι
2495 1411 2611 1490 τὰς
2654 1411 2833 1497 παρὰ

568 1532 710 1601 τοῖς
773 1518 1204 1608 ἀνθρώποιςᾈ
1231 1524 1645 1607 ἐπιφανείας·
1742 1520 1848 1589 διὸ
1922 1523 2033 1590 καὶ
2100 1521 2279 1609 παρὰ
2352 1530 2623 1603 πολλαῖς
2693 1534 2835 1592 τῶν

556 1631 962 1722 Ἐλληνίδων
1023 1634 1285 1708 πόλεων
1345 1634 1455 1702 διὰ
1511 1644 1720 1720 τριῶν
1784 1633 1957 1703 ἐτῶν
2019 1634 2309 1721 βακχεῖά,
2355 1662 2425 1703 τε
2486 1646 2835 1722 γυναικῶν

567 1746 1026 1834 ἀθροίζεσθαι,
1069 1749 1181 1817 καὶ
1225 1758 1367 1827 ταῖς
1411 1748 1777 1833 παρθένοις
1821 1746 2106 1835 νόμιμον
2152 1745 2323 1815 εἶναι
2366 1756 2833 1835 θυρσοφορεῖν

565 1862 678 1929 καὶ
722 1860 1314 1941 συνενθουσιάζειν
1360 1856 1747 1941 εὐαζούσαις
1790 1862 1901 1928 καὶ
1946 1859 2260 1948 τιμώσαις
2296 1860 2419 1929 τὸν
2463 1862 2655 1930 θεόν·
2714 1860 2833 1941 τὰς

568 1975 639 2043 δὲ
682 1982 1004 2059 γυναῖκας
1044 1971 1214 2041 κατὰ
1245 1971 1630 2060 συστήματα
1666 1973 2012 2054 θυσιάζειν
2040 1982 2134 2063 τῷ
2173 1981 2314 2063 θεῷ
2343 1975 2453 2041 καὶ
2484 1974 2832 2060 βακχεύειν

564 2087 678 2155 καὶ
735 2084 1036 2175 καθόλου
1099 2083 1224 2171 τὴν
1283 2090 1662 2169 παρουσίαν
1718 2082 1957 2172 ὑμνεῖν
2006 2094 2130 2153 τοῦ
2172 2086 2540 2168 Διονύσου,
2598 2113 2831 2174 μιμου-

564 2200 766 2286 μένας
832 2196 948 2277 τὰς
1012 2198 1486 2285 ἱστορουμένας
1536 2196 1615 2267 τὸ
1670 2197 1955 2267 παλαιὸν
2016 2196 2453 2284 παρεδρεύειν
2527 2208 2621 2288 τῷ
2690 2208 2829 2287 θεῷ

563 2310 906 2398 μαινάδας.
996 2312 1409 2395 Quapropter
1454 2312 1650 2375 etiam
1696 2311 1808 2375 illo
1850 2311 1995 2376 loco
2042 2311 2259 2395 (Paus.
2308 2318 2365 2390 9,
2415 2317 2513 2392 20,
2552 2314 2620 2395 4)
2664 2318 2826 2396 puto

565 2425 646 2490 de
693 2424 964 2508 collegio
1005 2424 1114 2507 agi
1160 2424 1565 2503 feminarum,
1626 2424 1800 2508 quod
1846 2444 1886 2489 a
1928 2422 2215 2491 Diodoro
2262 2422 2561 2512 σύστημα
2606 2425 2828 2509 appel-

560 2538 756 2619 latur,
801 2538 998 2601 etiam
1042 2536 1320 2604 articulo
1367 2540 1436 2603 αἱ
1475 2537 1750 2602 adiecto,

738 2651 945 2729 Quam
991 2650 1074 2717 ob
1120 2671 1277 2731 rem,
1321 2670 1466 2714 cum
1502 2648 1791 2733 Delphis,
1836 2647 2241 2730 Orchomeni,
2289 2648 2504 2730 Aleae,
2554 2648 2829 2733 Opunte,

561 2763 706 2828 aliis
739 2765 807 2828 in
832 2762 1103 2828 urbibus
1127 2763 1264 2831 dies
1285 2763 1591 2828 Bacchici
1614 2763 1931 2828 solemnes
1967 2768 2314 2845 agerentur
2345 2764 2540 2829 tertio
2569 2784 2826 2846 quoque

559 2897 728 2945 anno
767 2873 948 2963 (παρ’
987 2876 1177 2960 ἔτος),
1223 2875 1460 2960 quibus
1507 2877 1612 2941 dei
1646 2875 1961 2940 adventus
2003 2875 2478 2956 celebrabatur,
2527 2876 2826 2960 Weniger

559 2989 952 3073 (Kollegium
985 2989 1102 3054 der
1139 2996 1216 3056 16
1246 2989 1502 3054 Frauen
1535 3012 1597 3053 u.
1636 2989 1753 3054 der
1781 2967 2315 3072 Dionysosdienst
2341 2989 2406 3051 in
2443 2987 2593 3068 Elis,
2640 2989 2823 3071 Prgr.

558 3102 842 3168 Weimar
877 3107 1060 3183 1883,
1105 3125 1165 3186 p.
1197 3103 1301 3185 16)
1347 3108 1416 3167 et
1458 3101 1645 3186 Rapp
1693 3101 1882 3185 (Mus.
1916 3100 2121 3171 Rhen.
2168 3105 2288 3180 2⁰7,-
2322 3103 2545 3186 ls'qq.)
2588 3106 2825 3185 putant

558 3215 792 3281 ceteris
835 3235 1093 3299 quoque
1139 3216 1207 3279 in
1262 3213 1553 3294 urbibu8‚
1620 3214 1735 3279 ubi
1792 3235 1833 3278 a
1883 3213 2140 3278 feminis
2183 3213 2381 3278 Liber
2424 3213 2637 3279 cultus
2680 3216 2837 3280 esse*

554 3328 859 3408 traditur,
907 3328 1201 3413 Spartae,
1249 3327 1682 3407 Chaeroneae,
1728 3327 2070 3409 Tanagrae
2116 3325 2220 3391 dei
2266 3327 2612 3392 adventum
2654 3327 2819 3392 cele-

553 3440 815 3506 bratum
849 3462 1004 3506 esse⁸
1070 3444 1375 3507 Attamen
1419 3461 1546 3505 non
1586 3442 1653 3504 in
1698 3440 1994 3507 omnibus
2038 3439 2235 3506 rebus
2279 3440 2449 3505 facio
2495 3461 2640 3505 cum
2680 3441 2819 3505 viro

552 3553 664 3618 illo
689 3553 1086 3624 doctissima
1154 3552 1320 3618 Nam
1361 3553 1615 3620 confert
1648 3575 1793 3618 cum
1826 3554 2108 3620 adventu
2143 3553 2385 3620 Bacchi
2412 3553 2515 3617 die
2550 3552 2818 3618 solemni

553 3665 880 3731 celebrato
907 3686 1053 3730 eum
1072 3665 1242 3730 diem
1266 3664 1520 3747 festum,
1546 3665 1658 3753 qui
1670 3666 2084 3732 Chaeroneae
2105 3664 2815 3752 agebatur(Thyiaden,

550 3777 727 3860 Prgr.
761 3777 1081 3843 Eisenach
1125 3783 1306 3858 1876,
1341 3800 1402 3861 p.
1428 3783 1500 3860 83
1549 3780 1675 3863 11),
1721 3783 1891 3844 teste
1927 3778 2277 3844 Plutarcho
2316 3779 2447 3863 (qu.
2475 3777 2717 3844 conviv.
2755 3783 2813 3857 8,

547 3912 610 3975 p.
659 3892 842 3975 717):
905 3887 989 3959 οὐ
1049 3898 1324 3976 φαυλῶς
1383 3879 1510 3958 οὖν
1554 3892 1667 3959 καὶ
1715 3887 1861 3979 παρ’
1916 3889 2073 3978 ἡμῖν
2117 3892 2371 3971 ἐντοῖς
2414 3886 2815 3976 Ἀγριωνίοις

546 4001 669 4069 τὸν
711 3987 1062 4071 Διόνυσον
1105 4006 1175 4070 αἱ
1217 4013 1528 4089 γυναῖκες
1580 4001 1665 4084 ὡς
1708 4000 2214 4090 ἀποδεδρακότα
2274 4010 2611 4092 ζητοῦσιν·
2672 3990 2834 4078 εἶτα4

547 4113 880 4183 παύονται
931 4115 1043 4184 καὶ
1093 4115 1424 4201 λέγουσιν,
1489 4113 1593 4184 ὅτι
1634 4115 1801 4203 πρὸς
1858 4116 1975 4197 τὰς
2018 4115 2306 4196 Μούσας
2346 4115 2809 4203 καταπέφευγε

543 4227 654 4294 καὶ
695 4227 1056 4314 κέκρυπται
1099 4223 1245 4314 παρ’
1287 4229 1585 4309 ἐκείναις.
1663 4230 1785 4308 Qui
1827 4227 2010 4294 locus
2055 4229 2215 4293 mihi
2256 4249 2384 4293 non
2421 4234 2557 4293 tam
2589 4227 2673 4292 ad
2706 4227 2811 4292 dei

545 4340 891 4406 adventum
936 4362 1130 4424 quam
1178 4341 1261 4406 ad
1303 4342 1657 4408 discessum
1690 4341 2070 4407 referendus
2102 4362 2242 4406 esse
2270 4341 2543 4419 videtur.
2613 4340 2811 4404 Putat

544 4453 710 4518 enim
745 4453 1047 4538 Weniger
1077 4453 1259 4519 illum
1295 4454 1465 4520 diem
1493 4456 1729 4521 festum
1764 4455 2155 4539 pertinuisse
2190 4454 2273 4520 ad
2307 4454 2807 4520 celebrationem
