<?xml version="1.0" encoding="UTF-8"?>
<!DOCTYPE html PUBLIC "-//W3C//DTD XHTML 1.0 Transitional//EN"
    "http://www.w3.org/TR/xhtml1/DTD/xhtml1-transitional.dtd">
<html xmlns="http://www.w3.org/1999/xhtml" xml:lang="en" lang="en">
 <head>
  <title>
</title>
<meta http-equiv="Content-Type" content="text/html;charset=utf-8" />
  <meta name='ocr-system' content='tesseract 3.04.00' />
  <meta name='ocr-capabilities' content='ocr_page ocr_carea ocr_par ocr_line ocrx_word'/>
</head>
<body>
  <div class='ocr_page' id='page_1' title='image "./detanagraeorvms00unkngoog_0022.png"; bbox 0 0 3109 5375; ppageno 0'>
   <div class='ocr_carea' id='block_1_1' title="bbox 1386 402 2435 602">
    <p class='ocr_par' dir='ltr' id='par_1_1' title="bbox 1386 402 2435 602">
     <span class='ocr_line' id='line_1_1' title="bbox 2067 402 2435 486; baseline 0 -21"><span class='ocrx_word' id='word_1_1' title='bbox 2067 479 2072 486; x_wconf 34' lang='lat'>‚</span> <span class='ocrx_word' id='word_1_2' title='bbox 2408 402 2435 465; x_wconf 62' lang='lat' dir='ltr'>N</span> 
     </span>
     <span class='ocr_line' id='line_1_2' title="bbox 1386 532 1952 602; baseline 0.007 -23"><span class='ocrx_word' id='word_1_3' title='bbox 1386 532 1952 602; x_wconf 71' lang='lat'>....16-.</span> 
     </span>
    </p>
   </div>
   <div class='ocr_carea' id='block_1_2' title="bbox 769 678 2886 800">
    <p class='ocr_par' dir='ltr' id='par_1_2' title="bbox 769 678 2886 800">
     <span class='ocr_line' id='line_1_3' title="bbox 769 678 2886 800; baseline -0.002 -24"><span class='ocrx_word' id='word_1_4' title='bbox 769 678 1091 776; x_wconf 66' lang='lat' dir='ltr'>¹Attamen</span> <span class='ocrx_word' id='word_1_5' title='bbox 1151 710 1338 775; x_wconf 86' lang='lat' dir='ltr'>valde</span> <span class='ocrx_word' id='word_1_6' title='bbox 1383 708 1506 773; x_wconf 82' lang='lat' dir='ltr'>viri</span> <span class='ocrx_word' id='word_1_7' title='bbox 1551 708 1727 800; x_wconf 86' lang='lat' dir='ltr'>docti</span> <span class='ocrx_word' id='word_1_8' title='bbox 1760 706 2188 800; x_wconf 76' lang='lat' dir='ltr'>dubitarunt,</span> <span class='ocrx_word' id='word_1_9' title='bbox 2245 707 2465 773; x_wconf 68' lang='lat' dir='ltr'>utrum</span> <span class='ocrx_word' id='word_1_10' title='bbox 2516 706 2675 771; x_wconf 91' lang='lat' dir='ltr'>deus</span> <span class='ocrx_word' id='word_1_11' title='bbox 2696 784 2699 789; x_wconf 21' lang='grc' dir='ltr'>Ι</span> <span class='ocrx_word' id='word_1_12' title='bbox 2722 680 2886 771; x_wconf 81' lang='lat' dir='ltr'>adu-</span> 
     </span>
    </p>
   </div>
   <div class='ocr_carea' id='block_1_3' title="bbox 615 813 2985 903">
    <p class='ocr_par' dir='ltr' id='par_1_3' title="bbox 615 813 2985 903">
     <span class='ocr_line' id='line_1_4' title="bbox 615 813 2985 903; baseline -0.003 -15"><span class='ocrx_word' id='word_1_13' title='bbox 615 823 864 892; x_wconf 84' lang='lat' dir='ltr'>lescens</span> <span class='ocrx_word' id='word_1_14' title='bbox 893 844 975 887; x_wconf 89' lang='lat' dir='ltr'>an</span> <span class='ocrx_word' id='word_1_15' title='bbox 1011 823 1110 889; x_wconf 83' lang='lat' dir='ltr'>vir</span> <span class='ocrx_word' id='word_1_16' title='bbox 1139 827 1206 887; x_wconf 89' lang='lat' dir='ltr'>et</span> <span class='ocrx_word' id='word_1_17' title='bbox 1243 820 1562 885; x_wconf 88' lang='lat' dir='ltr'>barbatus</span> <span class='ocrx_word' id='word_1_18' title='bbox 1594 840 1939 903; x_wconf 83' lang='lat' dir='ltr'>expressus</span> <span class='ocrx_word' id='word_1_19' title='bbox 1966 820 2070 885; x_wconf 89' lang='lat' dir='ltr'>sit.</span> <span class='ocrx_word' id='word_1_20' title='bbox 2134 819 2317 883; x_wconf 87' lang='lat' dir='ltr'>Haec</span> <span class='ocrx_word' id='word_1_21' title='bbox 2364 813 2658 901; x_wconf 84' lang='lat' dir='ltr'>quaestio</span> <span class='ocrx_word' id='word_1_22' title='bbox 2704 838 2744 881; x_wconf 93' lang='lat' dir='ltr'>a</span> <span class='ocrx_word' id='word_1_23' title='bbox 2779 839 2886 890; x_wconf 86' lang='lat' dir='ltr'>me</span> <span class='ocrx_word' id='word_1_24' title='bbox 2970 873 2985 885; x_wconf 88' lang='lat'><strong><em>.</em></strong></span> 
     </span>
    </p>
   </div>
   <div class='ocr_carea' id='block_1_4' title="bbox 615 927 2889 1575">
    <p class='ocr_par' dir='ltr' id='par_1_4' title="bbox 615 927 2889 1575">
     <span class='ocr_line' id='line_1_5' title="bbox 616 927 2885 1023; baseline -0.003 -23"><span class='ocrx_word' id='word_1_25' title='bbox 616 934 843 1023; x_wconf 85' lang='lat' dir='ltr'>paucis</span> <span class='ocrx_word' id='word_1_26' title='bbox 888 933 1136 1000; x_wconf 80' lang='lat' dir='ltr'>absolvi</span> <span class='ocrx_word' id='word_1_27' title='bbox 1179 930 1414 1019; x_wconf 86' lang='lat' dir='ltr'>potest,</span> <span class='ocrx_word' id='word_1_28' title='bbox 1458 952 1603 998; x_wconf 85' lang='lat' dir='ltr'>cum</span> <span class='ocrx_word' id='word_1_29' title='bbox 1651 931 1730 997; x_wconf 87' lang='lat' dir='ltr'>de</span> <span class='ocrx_word' id='word_1_30' title='bbox 1782 927 1919 997; x_wconf 92' lang='lat' dir='ltr'>solo</span> <span class='ocrx_word' id='word_1_31' title='bbox 1951 931 2479 1013; x_wconf 86' lang='lat' dir='ltr'>Tanagraeorum</span> <span class='ocrx_word' id='word_1_32' title='bbox 2513 952 2639 993; x_wconf 90' lang='lat' dir='ltr'>usu</span> <span class='ocrx_word' id='word_1_33' title='bbox 2673 950 2885 1013; x_wconf 81' lang='lat' dir='ltr'>agam.</span> 
     </span>
     <span class='ocr_line' id='line_1_6' title="bbox 616 1041 2887 1127; baseline -0.002 -15"><span class='ocrx_word' id='word_1_34' title='bbox 616 1048 759 1127; x_wconf 85' lang='lat' dir='ltr'>Qua</span> <span class='ocrx_word' id='word_1_35' title='bbox 800 1048 868 1112; x_wconf 91' lang='lat' dir='ltr'>in</span> <span class='ocrx_word' id='word_1_36' title='bbox 913 1065 984 1112; x_wconf 88' lang='lat' dir='ltr'>re</span> <span class='ocrx_word' id='word_1_37' title='bbox 1040 1068 1236 1111; x_wconf 90' lang='lat' dir='ltr'>unum</span> <span class='ocrx_word' id='word_1_38' title='bbox 1279 1044 1669 1110; x_wconf 84' lang='lat' dir='ltr'><strong>Pausaniam</strong></span> <span class='ocrx_word' id='word_1_39' title='bbox 1725 1042 2199 1127; x_wconf 89' lang='lat' dir='ltr'>respiciendum</span> <span class='ocrx_word' id='word_1_40' title='bbox 2264 1064 2405 1108; x_wconf 90' lang='lat' dir='ltr'>esse</span> <span class='ocrx_word' id='word_1_41' title='bbox 2460 1048 2638 1125; x_wconf 77' lang='lat' dir='ltr'>puto,</span> <span class='ocrx_word' id='word_1_42' title='bbox 2710 1041 2887 1125; x_wconf 24' lang='lat' dir='ltr'>,Inde</span> 
     </span>
     <span class='ocr_line' id='line_1_7' title="bbox 618 1136 2887 1243; baseline -0.003 -19"><span class='ocrx_word' id='word_1_43' title='bbox 618 1160 916 1243; x_wconf 88' lang='lat' dir='ltr'>sequitur</span> <span class='ocrx_word' id='word_1_44' title='bbox 975 1158 1392 1241; x_wconf 83' lang='lat' dir='ltr'>Tanagraeos</span> <span class='ocrx_word' id='word_1_45' title='bbox 1473 1156 1867 1240; x_wconf 79' lang='lat' dir='ltr'>cogitatione</span> <span class='ocrx_word' id='word_1_46' title='bbox 1943 1136 2133 1223; x_wconf 85' lang='lat' dir='ltr'>deum</span> <span class='ocrx_word' id='word_1_47' title='bbox 2202 1153 2328 1220; x_wconf 86' lang='lat' dir='ltr'>sibi</span> <span class='ocrx_word' id='word_1_48' title='bbox 2397 1154 2659 1219; x_wconf 84' lang='lat' dir='ltr'>finxisse</span> <span class='ocrx_word' id='word_1_49' title='bbox 2726 1152 2887 1219; x_wconf 90' lang='lat' dir='ltr'>adu-</span> 
     </span>
     <span class='ocr_line' id='line_1_8' title="bbox 615 1251 2887 1353; baseline -0.002 -18"><span class='ocrx_word' id='word_1_50' title='bbox 615 1272 985 1351; x_wconf 89' lang='lat' dir='ltr'>lescentem,</span> <span class='ocrx_word' id='word_1_51' title='bbox 1053 1292 1198 1337; x_wconf 88' lang='lat' dir='ltr'>cum</span> <span class='ocrx_word' id='word_1_52' title='bbox 1257 1268 1639 1335; x_wconf 77' lang='lat' dir='ltr'>adulescens</span> <span class='ocrx_word' id='word_1_53' title='bbox 1695 1251 1826 1353; x_wconf 40' lang='lat' dir='ltr'>&#39;pro</span> <span class='ocrx_word' id='word_1_54' title='bbox 1887 1288 1963 1333; x_wconf 93' lang='lat' dir='ltr'>eo</span> <span class='ocrx_word' id='word_1_55' title='bbox 2022 1268 2292 1333; x_wconf 86' lang='lat' dir='ltr'>arietem</span> <span class='ocrx_word' id='word_1_56' title='bbox 2356 1256 2598 1332; x_wconf 87' lang='lat' dir='ltr'>circum</span> <span class='ocrx_word' id='word_1_57' title='bbox 2655 1264 2887 1332; x_wconf 89' lang='lat' dir='ltr'>urbem</span> 
     </span>
     <span class='ocr_line' id='line_1_9' title="bbox 615 1378 2889 1469; baseline -0.003 -21"><span class='ocrx_word' id='word_1_58' title='bbox 615 1388 929 1469; x_wconf 88' lang='lat' dir='ltr'>portaret.</span> <span class='ocrx_word' id='word_1_59' title='bbox 1019 1384 1120 1449; x_wconf 84' lang='lat' dir='ltr'>Ex</span> <span class='ocrx_word' id='word_1_60' title='bbox 1162 1380 1388 1449; x_wconf 87' lang='lat' dir='ltr'>eodem</span> <span class='ocrx_word' id='word_1_61' title='bbox 1447 1386 1830 1465; x_wconf 84' lang='lat' dir='ltr'>argumento</span> <span class='ocrx_word' id='word_1_62' title='bbox 1876 1380 2169 1463; x_wconf 90' lang='lat' dir='ltr'>sequitur</span> <span class='ocrx_word' id='word_1_63' title='bbox 2214 1380 2409 1445; x_wconf 89' lang='lat' dir='ltr'>etiam</span> <span class='ocrx_word' id='word_1_64' title='bbox 2455 1378 2889 1445; x_wconf 89' lang='lat' dir='ltr'>Promachum</span> 
     </span>
     <span class='ocr_line' id='line_1_10' title="bbox 619 1492 2493 1575; baseline -0.003 -13"><span class='ocrx_word' id='word_1_65' title='bbox 619 1496 1100 1563; x_wconf 79' lang='lat' dir='ltr'>adulescentem</span> <span class='ocrx_word' id='word_1_66' title='bbox 1123 1494 1367 1575; x_wconf 47' lang='lat' dir='ltr'>,fictum</span> <span class='ocrx_word' id='word_1_67' title='bbox 1416 1512 1556 1560; x_wconf 88' lang='lat' dir='ltr'>esse</span> <span class='ocrx_word' id='word_1_68' title='bbox 1593 1498 1679 1559; x_wconf 65' lang='lat' dir='ltr'>&gt;ut</span> <span class='ocrx_word' id='word_1_69' title='bbox 1718 1492 2071 1559; x_wconf 80' lang='lat' dir='ltr'>iuventutis</span> <span class='ocrx_word' id='word_1_70' title='bbox 2118 1492 2493 1558; x_wconf 76' lang='lat' dir='ltr'>antistitem.</span> 
     </span>
    </p>
   </div>
   <div class='ocr_carea' id='block_1_5' title="bbox 1554 1790 1965 1801">
    <p class='ocr_par' dir='ltr' id='par_1_5' title="bbox 1554 1790 1965 1801">
     <span class='ocr_line' id='line_1_11' title="bbox 1554 1790 1965 1801; baseline -0.005 0"><span class='ocrx_word' id='word_1_71' title='bbox 1554 1790 1965 1801; x_wconf 75' lang='lat'>—.—.-——.——-—-—-</span> 
     </span>
    </p>
   </div>
   <div class='ocr_carea' id='block_1_6' title="bbox 1517 2012 1999 2085">
    <p class='ocr_par' dir='ltr' id='par_1_6' title="bbox 1517 2012 1999 2085">
     <span class='ocr_line' id='line_1_12' title="bbox 1517 2012 1999 2085; baseline -0.004 0"><span class='ocrx_word' id='word_1_72' title='bbox 1517 2014 1641 2085; x_wconf 89' lang='lat' dir='ltr'>De</span> <span class='ocrx_word' id='word_1_73' title='bbox 1684 2012 1999 2084; x_wconf 86' lang='lat' dir='ltr'>Libero.</span> 
     </span>
    </p>
   </div>
   <div class='ocr_carea' id='block_1_7' title="bbox 622 2174 2897 3839">
    <p class='ocr_par' dir='ltr' id='par_1_7' title="bbox 623 2174 2897 2826">
     <span class='ocr_line' id='line_1_13' title="bbox 796 2174 2895 2263; baseline -0 -19"><span class='ocrx_word' id='word_1_74' title='bbox 796 2179 954 2244; x_wconf 88' lang='lat' dir='ltr'>Tres</span> <span class='ocrx_word' id='word_1_75' title='bbox 997 2178 1321 2245; x_wconf 87' lang='lat' dir='ltr'>Boeotiae.</span> <span class='ocrx_word' id='word_1_76' title='bbox 1350 2177 1548 2245; x_wconf 86' lang='lat' dir='ltr'>urbes</span> <span class='ocrx_word' id='word_1_77' title='bbox 1593 2178 1659 2243; x_wconf 92' lang='lat' dir='ltr'>in</span> <span class='ocrx_word' id='word_1_78' title='bbox 1699 2178 1927 2263; x_wconf 89' lang='lat' dir='ltr'>primis</span> <span class='ocrx_word' id='word_1_79' title='bbox 1968 2176 2230 2244; x_wconf 89' lang='lat' dir='ltr'>Baccho</span> <span class='ocrx_word' id='word_1_80' title='bbox 2290 2176 2554 2244; x_wconf 82' lang='lat' dir='ltr'>fuerunt</span> <span class='ocrx_word' id='word_1_81' title='bbox 2596 2174 2895 2243; x_wconf 81' lang='lat' dir='ltr'>deditae:</span> 
     </span>
     <span class='ocr_line' id='line_1_14' title="bbox 627 2288 2895 2377; baseline -0.001 -20"><span class='ocrx_word' id='word_1_82' title='bbox 627 2291 909 2373; x_wconf 83' lang='lat' dir='ltr'>Thebae,</span> <span class='ocrx_word' id='word_1_83' title='bbox 963 2290 1184 2377; x_wconf 82' lang='lat' dir='ltr'>Hyrie,</span> <span class='ocrx_word' id='word_1_84' title='bbox 1241 2290 1654 2357; x_wconf 84' lang='lat' dir='ltr'>Eleutherae.</span> <span class='ocrx_word' id='word_1_85' title='bbox 1742 2291 1915 2357; x_wconf 88' lang='lat' dir='ltr'>Satis</span> <span class='ocrx_word' id='word_1_86' title='bbox 1974 2296 2199 2357; x_wconf 87' lang='lat' dir='ltr'>notum</span> <span class='ocrx_word' id='word_1_87' title='bbox 2258 2295 2357 2356; x_wconf 92' lang='lat' dir='ltr'>est</span> <span class='ocrx_word' id='word_1_88' title='bbox 2409 2288 2648 2356; x_wconf 88' lang='lat' dir='ltr'>Thebis</span> <span class='ocrx_word' id='word_1_89' title='bbox 2699 2290 2895 2355; x_wconf 89' lang='lat' dir='ltr'>deum</span> 
     </span>
     <span class='ocr_line' id='line_1_15' title="bbox 624 2401 2896 2491; baseline -0.003 -19"><span class='ocrx_word' id='word_1_90' title='bbox 624 2412 952 2491; x_wconf 76' lang='grc' dir='ltr'><strong><em>πυριγενῆ</em></strong></span> <span class='ocrx_word' id='word_1_91' title='bbox 995 2408 1218 2471; x_wconf 89' lang='lat' dir='ltr'>natum</span> <span class='ocrx_word' id='word_1_92' title='bbox 1269 2424 1411 2469; x_wconf 88' lang='lat' dir='ltr'>esse</span> <span class='ocrx_word' id='word_1_93' title='bbox 1454 2408 1643 2487; x_wconf 88' lang='lat' dir='ltr'>patre</span> <span class='ocrx_word' id='word_1_94' title='bbox 1687 2404 1856 2484; x_wconf 84' lang='lat' dir='ltr'>Iove,</span> <span class='ocrx_word' id='word_1_95' title='bbox 1901 2408 2110 2468; x_wconf 86' lang='lat' dir='ltr'>matre</span> <span class='ocrx_word' id='word_1_96' title='bbox 2160 2402 2413 2469; x_wconf 86' lang='lat' dir='ltr'>Semele</span> <span class='ocrx_word' id='word_1_97' title='bbox 2453 2401 2667 2487; x_wconf 89' lang='lat' dir='ltr'>(Diod.</span> <span class='ocrx_word' id='word_1_98' title='bbox 2713 2409 2773 2482; x_wconf 92' lang='lat'>4,</span> <span class='ocrx_word' id='word_1_99' title='bbox 2820 2409 2896 2483; x_wconf 84' lang='lat'>53</span> 
     </span>
     <span class='ocr_line' id='line_1_16' title="bbox 626 2514 2897 2602; baseline -0.001 -21"><span class='ocrx_word' id='word_1_100' title='bbox 626 2516 866 2581; x_wconf 87' lang='lat' dir='ltr'>Strabo</span> <span class='ocrx_word' id='word_1_101' title='bbox 898 2521 996 2597; x_wconf 89' lang='lat'>13,</span> <span class='ocrx_word' id='word_1_102' title='bbox 1027 2517 1206 2602; x_wconf 74' lang='lat' dir='ltr'>628).v</span> <span class='ocrx_word' id='word_1_103' title='bbox 1266 2516 1478 2599; x_wconf 84' lang='lat' dir='ltr'>Magis</span> <span class='ocrx_word' id='word_1_104' title='bbox 1515 2520 1734 2585; x_wconf 88' lang='lat' dir='ltr'>autem</span> <span class='ocrx_word' id='word_1_105' title='bbox 1766 2515 2001 2599; x_wconf 87' lang='lat' dir='ltr'>dignae</span> <span class='ocrx_word' id='word_1_106' title='bbox 2038 2521 2206 2595; x_wconf 91' lang='lat' dir='ltr'>sunt,</span> <span class='ocrx_word' id='word_1_107' title='bbox 2253 2515 2333 2581; x_wconf 92' lang='lat' dir='ltr'>de</span> <span class='ocrx_word' id='word_1_108' title='bbox 2371 2514 2627 2598; x_wconf 58' lang='lat' dir='ltr'>quibus..</span> <span class='ocrx_word' id='word_1_109' title='bbox 2642 2519 2897 2599; x_wconf 84' lang='lat' dir='ltr'>agatur,</span> 
     </span>
     <span class='ocr_line' id='line_1_17' title="bbox 625 2626 2895 2715; baseline 0 -21"><span class='ocrx_word' id='word_1_110' title='bbox 625 2628 888 2696; x_wconf 86' lang='lat' dir='ltr'>fabulae</span> <span class='ocrx_word' id='word_1_111' title='bbox 935 2627 1169 2715; x_wconf 80' lang='lat' dir='ltr'>Hyries</span> <span class='ocrx_word' id='word_1_112' title='bbox 1215 2635 1282 2695; x_wconf 90' lang='lat' dir='ltr'>et</span> <span class='ocrx_word' id='word_1_113' title='bbox 1324 2628 1845 2709; x_wconf 69' lang='lat' dir='ltr'>Eleutherai-um,</span> <span class='ocrx_word' id='word_1_114' title='bbox 1908 2649 2051 2694; x_wconf 90' lang='lat' dir='ltr'>cum</span> <span class='ocrx_word' id='word_1_115' title='bbox 2106 2634 2249 2694; x_wconf 86' lang='lat' dir='ltr'>arte</span> <span class='ocrx_word' id='word_1_116' title='bbox 2312 2626 2707 2695; x_wconf 81' lang='lat' dir='ltr'>cohaereant</span> <span class='ocrx_word' id='word_1_117' title='bbox 2750 2649 2895 2694; x_wconf 89' lang='lat' dir='ltr'>cum</span> 
     </span>
     <span class='ocr_line' id='line_1_18' title="bbox 623 2742 1532 2826; baseline -0.001 -20"><span class='ocrx_word' id='word_1_118' title='bbox 623 2742 1036 2826; x_wconf 86' lang='lat' dir='ltr'>Tanagraeis.</span> <span class='ocrx_word' id='word_1_119' title='bbox 1527 2751 1532 2756; x_wconf 84' lang='lat'>&#39;</span> 
     </span>
    </p>

    <p class='ocr_par' dir='ltr' id='par_1_8' title="bbox 622 2850 2897 3839">
     <span class='ocr_line' id='line_1_19' title="bbox 797 2850 2895 2940; baseline 0.001 -20"><span class='ocrx_word' id='word_1_120' title='bbox 797 2855 998 2940; x_wconf 82' lang='lat' dir='ltr'>Hyrie</span> <span class='ocrx_word' id='word_1_121' title='bbox 1059 2853 1236 2934; x_wconf 88' lang='lat' dir='ltr'>urbs,</span> <span class='ocrx_word' id='word_1_122' title='bbox 1294 2853 1476 2919; x_wconf 90' lang='lat' dir='ltr'>cuius</span> <span class='ocrx_word' id='word_1_123' title='bbox 1533 2875 1767 2919; x_wconf 89' lang='lat' dir='ltr'>nomen</span> <span class='ocrx_word' id='word_1_124' title='bbox 1826 2851 2175 2922; x_wconf 89' lang='lat' dir='ltr'>deductum</span> <span class='ocrx_word' id='word_1_125' title='bbox 2234 2858 2333 2920; x_wconf 89' lang='lat' dir='ltr'>est</span> <span class='ocrx_word' id='word_1_126' title='bbox 2390 2873 2431 2916; x_wconf 87' lang='lat' dir='ltr'>a</span> <span class='ocrx_word' id='word_1_127' title='bbox 2494 2853 2689 2920; x_wconf 85' lang='lat' dir='ltr'>verbo</span> <span class='ocrx_word' id='word_1_128' title='bbox 2732 2850 2895 2933; x_wconf 78' lang='grc' dir='ltr'><strong><em>ὕειν,</em></strong></span> 
     </span>
     <span class='ocr_line' id='line_1_20' title="bbox 625 2964 2896 3052; baseline -0.001 -20"><span class='ocrx_word' id='word_1_129' title='bbox 625 2966 929 3032; x_wconf 85' lang='lat' dir='ltr'>dedicata</span> <span class='ocrx_word' id='word_1_130' title='bbox 972 2971 1118 3030; x_wconf 88' lang='lat' dir='ltr'>erat</span> <span class='ocrx_word' id='word_1_131' title='bbox 1163 2965 1442 3046; x_wconf 88' lang='lat' dir='ltr'>Baccho,</span> <span class='ocrx_word' id='word_1_132' title='bbox 1499 2966 1621 3033; x_wconf 91' lang='lat' dir='ltr'>deo</span> <span class='ocrx_word' id='word_1_133' title='bbox 1664 2966 1953 3052; x_wconf 81' lang='lat' dir='ltr'>pluviae3</span> <span class='ocrx_word' id='word_1_134' title='bbox 2026 2965 2247 3049; x_wconf 85' lang='lat' dir='ltr'>ibique</span> <span class='ocrx_word' id='word_1_135' title='bbox 2300 2987 2557 3031; x_wconf 89' lang='lat' dir='ltr'>sacrum</span> <span class='ocrx_word' id='word_1_136' title='bbox 2614 2965 2740 3030; x_wconf 80' lang='lat' dir='ltr'>fuit</span> <span class='ocrx_word' id='word_1_137' title='bbox 2792 2964 2896 3030; x_wconf 88' lang='lat' dir='ltr'>dei</span> 
     </span>
     <span class='ocr_line' id='line_1_21' title="bbox 627 3076 2895 3168; baseline -0.001 -24"><span class='ocrx_word' id='word_1_138' title='bbox 627 3079 1057 3168; x_wconf 84' lang='lat' dir='ltr'>clarissimum</span> <span class='ocrx_word' id='word_1_139' title='bbox 1119 3078 1326 3145; x_wconf 86' lang='lat' dir='ltr'>totius</span> <span class='ocrx_word' id='word_1_140' title='bbox 1381 3078 1518 3144; x_wconf 87' lang='lat' dir='ltr'>fere</span> <span class='ocrx_word' id='word_1_141' title='bbox 1582 3099 1737 3144; x_wconf 89' lang='lat' dir='ltr'>orae</span> <span class='ocrx_word' id='word_1_142' title='bbox 1794 3078 2174 3144; x_wconf 84' lang='lat' dir='ltr'>maritimae.</span> <span class='ocrx_word' id='word_1_143' title='bbox 2265 3076 2461 3143; x_wconf 87' lang='lat' dir='ltr'>Cuius</span> <span class='ocrx_word' id='word_1_144' title='bbox 2506 3077 2705 3158; x_wconf 90' lang='lat' dir='ltr'>urbis,</span> <span class='ocrx_word' id='word_1_145' title='bbox 2752 3098 2895 3142; x_wconf 91' lang='lat' dir='ltr'>cum</span> 
     </span>
     <span class='ocr_line' id='line_1_22' title="bbox 627 3171 2893 3276; baseline -0.002 -18"><span class='ocrx_word' id='word_1_146' title='bbox 627 3197 799 3258; x_wconf 88' lang='lat' dir='ltr'>esset</span> <span class='ocrx_word' id='word_1_147' title='bbox 831 3171 1092 3258; x_wconf 82' lang='lat' dir='ltr'>saeculo</span> <span class='ocrx_word' id='word_1_148' title='bbox 1111 3189 1300 3272; x_wconf 89' lang='lat' dir='ltr'>VIII.‚</span> <span class='ocrx_word' id='word_1_149' title='bbox 1347 3191 1539 3257; x_wconf 88' lang='lat' dir='ltr'>sicuti</span> <span class='ocrx_word' id='word_1_150' title='bbox 1576 3211 1813 3274; x_wconf 85' lang='lat' dir='ltr'>magna</span> <span class='ocrx_word' id='word_1_151' title='bbox 1837 3191 2147 3258; x_wconf 86' lang='lat' dir='ltr'>Boeotiae</span> <span class='ocrx_word' id='word_1_152' title='bbox 2172 3212 2347 3276; x_wconf 87' lang='lat' dir='ltr'>pars,</span> <span class='ocrx_word' id='word_1_153' title='bbox 2380 3189 2893 3256; x_wconf 88' lang='lat' dir='ltr'>Chalcidensium</span> 
     </span>
     <span class='ocr_line' id='line_1_23' title="bbox 622 3301 2895 3389; baseline -0.002 -18"><span class='ocrx_word' id='word_1_154' title='bbox 622 3304 965 3385; x_wconf 82' lang='lat' dir='ltr'>Euboeae,</span> <span class='ocrx_word' id='word_1_155' title='bbox 1034 3323 1266 3369; x_wconf 90' lang='lat' dir='ltr'>nomen</span> <span class='ocrx_word' id='word_1_156' title='bbox 1330 3308 1395 3369; x_wconf 89' lang='lat' dir='ltr'>et</span> <span class='ocrx_word' id='word_1_157' title='bbox 1455 3303 1719 3372; x_wconf 88' lang='lat' dir='ltr'>fabulae</span> <span class='ocrx_word' id='word_1_158' title='bbox 1788 3309 2056 3389; x_wconf 86' lang='lat' dir='ltr'>recepta</span> <span class='ocrx_word' id='word_1_159' title='bbox 2122 3309 2273 3370; x_wconf 83' lang='lat' dir='ltr'>sunt</span> <span class='ocrx_word' id='word_1_160' title='bbox 2329 3324 2370 3368; x_wconf 89' lang='lat' dir='ltr'>a</span> <span class='ocrx_word' id='word_1_161' title='bbox 2433 3301 2655 3368; x_wconf 88' lang='lat' dir='ltr'>multis</span> <span class='ocrx_word' id='word_1_162' title='bbox 2710 3302 2895 3368; x_wconf 87' lang='lat' dir='ltr'>Chal-</span> 
     </span>
     <span class='ocr_line' id='line_1_24' title="bbox 627 3415 2895 3502; baseline -0.001 -20"><span class='ocrx_word' id='word_1_163' title='bbox 627 3417 980 3482; x_wconf 88' lang='lat' dir='ltr'>cidensium</span> <span class='ocrx_word' id='word_1_164' title='bbox 1047 3415 1332 3482; x_wconf 89' lang='lat' dir='ltr'>coloniis.</span> <span class='ocrx_word' id='word_1_165' title='bbox 1437 3415 1578 3482; x_wconf 92' lang='lat' dir='ltr'>Deo</span> <span class='ocrx_word' id='word_1_166' title='bbox 1646 3422 1864 3482; x_wconf 88' lang='lat' dir='ltr'>autem</span> <span class='ocrx_word' id='word_1_167' title='bbox 1926 3416 2161 3502; x_wconf 84' lang='lat' dir='ltr'>Hyries</span> <span class='ocrx_word' id='word_1_168' title='bbox 2230 3416 2475 3482; x_wconf 88' lang='lat' dir='ltr'>multae</span> <span class='ocrx_word' id='word_1_169' title='bbox 2538 3421 2689 3482; x_wconf 91' lang='lat' dir='ltr'>sunt</span> <span class='ocrx_word' id='word_1_170' title='bbox 2747 3436 2895 3502; x_wconf 86' lang='lat' dir='ltr'>pro·</span> 
     </span>
     <span class='ocr_line' id='line_1_25' title="bbox 626 3528 2897 3615; baseline -0 -21"><span class='ocrx_word' id='word_1_171' title='bbox 626 3530 942 3615; x_wconf 85' lang='lat' dir='ltr'>prietates</span> <span class='ocrx_word' id='word_1_172' title='bbox 1010 3548 1382 3594; x_wconf 89' lang='lat' dir='ltr'>communes</span> <span class='ocrx_word' id='word_1_173' title='bbox 1442 3550 1589 3594; x_wconf 90' lang='lat' dir='ltr'>cum</span> <span class='ocrx_word' id='word_1_174' title='bbox 1655 3529 1805 3595; x_wconf 84' lang='lat' dir='ltr'>Iove</span> <span class='ocrx_word' id='word_1_175' title='bbox 1864 3529 2119 3614; x_wconf 81' lang='lat' dir='ltr'>Lycaeo</span> <span class='ocrx_word' id='word_1_176' title='bbox 2179 3528 2530 3609; x_wconf 86' lang='lat' dir='ltr'>Arcadiae,</span> <span class='ocrx_word' id='word_1_177' title='bbox 2592 3529 2662 3594; x_wconf 88' lang='lat' dir='ltr'>id</span> <span class='ocrx_word' id='word_1_178' title='bbox 2724 3528 2897 3612; x_wconf 86' lang='lat' dir='ltr'>quod</span> 
     </span>
     <span class='ocr_line' id='line_1_26' title="bbox 627 3639 2896 3726; baseline -0.001 -19"><span class='ocrx_word' id='word_1_179' title='bbox 627 3642 778 3708; x_wconf 91' lang='lat' dir='ltr'>inde</span> <span class='ocrx_word' id='word_1_180' title='bbox 836 3645 1058 3726; x_wconf 88' lang='lat' dir='ltr'>potest</span> <span class='ocrx_word' id='word_1_181' title='bbox 1120 3639 1458 3725; x_wconf 85' lang='lat' dir='ltr'>explicari,</span> <span class='ocrx_word' id='word_1_182' title='bbox 1531 3642 1704 3725; x_wconf 89' lang='lat' dir='ltr'>quod</span> <span class='ocrx_word' id='word_1_183' title='bbox 1764 3641 2103 3725; x_wconf 90' lang='lat' dir='ltr'>utriusque</span> <span class='ocrx_word' id='word_1_184' title='bbox 2163 3641 2269 3708; x_wconf 91' lang='lat' dir='ltr'>dei</span> <span class='ocrx_word' id='word_1_185' title='bbox 2326 3642 2553 3724; x_wconf 85' lang='lat' dir='ltr'>religio</span> <span class='ocrx_word' id='word_1_186' title='bbox 2615 3641 2896 3724; x_wconf 85' lang='lat' dir='ltr'>antiquis</span> 
     </span>
     <span class='ocr_line' id='line_1_27' title="bbox 627 3753 2895 3839; baseline -0.001 -18"><span class='ocrx_word' id='word_1_187' title='bbox 627 3754 1030 3839; x_wconf 86' lang='lat' dir='ltr'>temporibus</span> <span class='ocrx_word' id='word_1_188' title='bbox 1075 3759 1222 3819; x_wconf 85' lang='lat' dir='ltr'>orta</span> <span class='ocrx_word' id='word_1_189' title='bbox 1268 3758 1367 3819; x_wconf 91' lang='lat' dir='ltr'>est</span> <span class='ocrx_word' id='word_1_190' title='bbox 1411 3774 1491 3818; x_wconf 84' lang='lat' dir='ltr'>ex</span> <span class='ocrx_word' id='word_1_191' title='bbox 1535 3754 1704 3820; x_wconf 83' lang='lat' dir='ltr'>Iovis</span> <span class='ocrx_word' id='word_1_192' title='bbox 1748 3754 2073 3820; x_wconf 87' lang='lat' dir='ltr'>Cretensis</span> <span class='ocrx_word' id='word_1_193' title='bbox 2113 3753 2310 3835; x_wconf 87' lang='lat' dir='ltr'>cultu,</span> <span class='ocrx_word' id='word_1_194' title='bbox 2356 3754 2453 3818; x_wconf 87' lang='lat' dir='ltr'>ita</span> <span class='ocrx_word' id='word_1_195' title='bbox 2495 3759 2569 3818; x_wconf 90' lang='lat' dir='ltr'>ut</span> <span class='ocrx_word' id='word_1_196' title='bbox 2614 3759 2895 3829; x_wconf 80' lang='lat' dir='ltr'>tantum-</span> 
     </span>
    </p>
   </div>
   <div class='ocr_carea' id='block_1_8' title="bbox 629 3863 2997 3951">
    <p class='ocr_par' dir='ltr' id='par_1_9' title="bbox 629 3863 2997 3951">
     <span class='ocr_line' id='line_1_28' title="bbox 629 3863 2997 3951; baseline 0 -19"><span class='ocrx_word' id='word_1_197' title='bbox 629 3867 821 3933; x_wconf 91' lang='lat' dir='ltr'>modo</span> <span class='ocrx_word' id='word_1_198' title='bbox 851 3867 1114 3933; x_wconf 91' lang='lat' dir='ltr'>nomina</span> <span class='ocrx_word' id='word_1_199' title='bbox 1143 3863 1498 3946; x_wconf 87' lang='lat' dir='ltr'>differrent,</span> <span class='ocrx_word' id='word_1_200' title='bbox 1541 3867 1981 3951; x_wconf 86' lang='lat' dir='ltr'>proprietates</span> <span class='ocrx_word' id='word_1_201' title='bbox 2010 3889 2137 3932; x_wconf 90' lang='lat' dir='ltr'>non</span> <span class='ocrx_word' id='word_1_202' title='bbox 2172 3868 2329 3932; x_wconf 89' lang='lat' dir='ltr'>item</span> <span class='ocrx_word' id='word_1_203' title='bbox 2370 3866 2665 3951; x_wconf 86' lang='lat' dir='ltr'>(Gruppe</span> <span class='ocrx_word' id='word_1_204' title='bbox 2694 3867 2768 3950; x_wconf 53' lang='grc' dir='ltr'>Ρ(</span> <span class='ocrx_word' id='word_1_205' title='bbox 2790 3871 2893 3946; x_wconf 87' lang='grc'>67;</span> <span class='ocrx_word' id='word_1_206' title='bbox 2991 3935 2997 3940; x_wconf 76' lang='grc'><em>,</em></span> 
     </span>
    </p>
   </div>
   <div class='ocr_carea' id='block_1_9' title="bbox 543 3953 2894 4177">
    <p class='ocr_par' dir='ltr' id='par_1_10' title="bbox 543 3953 2894 4177">
     <span class='ocr_line' id='line_1_29' title="bbox 543 3953 1678 4066; baseline -0.001 -20"><span class='ocrx_word' id='word_1_207' title='bbox 543 3959 545 3966; x_wconf 80' lang='grc'><strong>’</strong></span> <span class='ocrx_word' id='word_1_208' title='bbox 633 3979 890 4046; x_wconf 81' lang='lat' dir='ltr'>Gilbert</span> <span class='ocrx_word' id='word_1_209' title='bbox 929 4002 991 4066; x_wconf 85' lang='lat' dir='ltr'>p.</span> <span class='ocrx_word' id='word_1_210' title='bbox 1045 3953 1185 4060; x_wconf 51' lang='lat'>1⁸43,</span> <span class='ocrx_word' id='word_1_211' title='bbox 1232 3985 1288 4060; x_wconf 85' lang='lat'>1,</span> <span class='ocrx_word' id='word_1_212' title='bbox 1333 3984 1456 4054; x_wconf 83' lang='lat'>293</span> <span class='ocrx_word' id='word_1_213' title='bbox 1483 3981 1678 4064; x_wconf 57' lang='grc' dir='ltr'><strong>ΒΜ.)</strong></span> 
     </span>
     <span class='ocr_line' id='line_1_30' title="bbox 805 4091 2894 4177; baseline 0 -20"><span class='ocrx_word' id='word_1_214' title='bbox 805 4092 1256 4176; x_wconf 83' lang='lat' dir='ltr'>Tanagraeum</span> <span class='ocrx_word' id='word_1_215' title='bbox 1300 4091 1542 4158; x_wconf 88' lang='lat' dir='ltr'>cultum</span> <span class='ocrx_word' id='word_1_216' title='bbox 1594 4113 1673 4157; x_wconf 86' lang='lat' dir='ltr'>ex</span> <span class='ocrx_word' id='word_1_217' title='bbox 1717 4092 1842 4157; x_wconf 89' lang='lat' dir='ltr'>hac</span> <span class='ocrx_word' id='word_1_218' title='bbox 1890 4093 2201 4176; x_wconf 83' lang='lat' dir='ltr'>religione</span> <span class='ocrx_word' id='word_1_219' title='bbox 2244 4091 2643 4177; x_wconf 78' lang='lat' dir='ltr'>amplissima</span> <span class='ocrx_word' id='word_1_220' title='bbox 2689 4096 2894 4158; x_wconf 88' lang='lat' dir='ltr'>ortum</span> 
     </span>
    </p>
   </div>
   <div class='ocr_carea' id='block_1_10' title="bbox 508 4203 2895 4290">
    <p class='ocr_par' dir='ltr' id='par_1_11' title="bbox 508 4203 2895 4290">
     <span class='ocr_line' id='line_1_31' title="bbox 508 4203 2895 4290; baseline -0 -19"><span class='ocrx_word' id='word_1_221' title='bbox 508 4267 511 4272; x_wconf 86' lang='lat'>.</span> <span class='ocrx_word' id='word_1_222' title='bbox 635 4225 774 4270; x_wconf 90' lang='lat' dir='ltr'>esse</span> <span class='ocrx_word' id='word_1_223' title='bbox 799 4209 868 4270; x_wconf 90' lang='lat' dir='ltr'>et</span> <span class='ocrx_word' id='word_1_224' title='bbox 901 4206 1037 4270; x_wconf 81' lang='lat' dir='ltr'>veri</span> <span class='ocrx_word' id='word_1_225' title='bbox 1071 4209 1170 4270; x_wconf 87' lang='lat' dir='ltr'>est</span> <span class='ocrx_word' id='word_1_226' title='bbox 1203 4203 1594 4271; x_wconf 89' lang='lat' dir='ltr'>simillimum</span> <span class='ocrx_word' id='word_1_227' title='bbox 1632 4210 1699 4270; x_wconf 87' lang='lat' dir='ltr'>et</span> <span class='ocrx_word' id='word_1_228' title='bbox 1732 4204 1925 4270; x_wconf 88' lang='lat' dir='ltr'>certis</span> <span class='ocrx_word' id='word_1_229' title='bbox 1950 4206 2347 4288; x_wconf 83' lang='lat' dir='ltr'>argumentis</span> <span class='ocrx_word' id='word_1_230' title='bbox 2381 4209 2600 4290; x_wconf 88' lang='lat' dir='ltr'>potest</span> <span class='ocrx_word' id='word_1_231' title='bbox 2630 4203 2895 4270; x_wconf 84' lang='lat' dir='ltr'>ostendi.</span> 
     </span>
    </p>
   </div>
   <div class='ocr_carea' id='block_1_11' title="bbox 633 4316 2893 4514">
    <p class='ocr_par' dir='ltr' id='par_1_12' title="bbox 633 4316 2893 4514">
     <span class='ocr_line' id='line_1_32' title="bbox 633 4316 2893 4404; baseline 0 -22"><span class='ocrx_word' id='word_1_232' title='bbox 633 4316 868 4404; x_wconf 79' lang='lat' dir='ltr'>Hyries</span> <span class='ocrx_word' id='word_1_233' title='bbox 930 4317 1106 4382; x_wconf 82' lang='lat' dir='ltr'>fama</span> <span class='ocrx_word' id='word_1_234' title='bbox 1161 4317 1316 4382; x_wconf 89' lang='lat' dir='ltr'>tulit</span> <span class='ocrx_word' id='word_1_235' title='bbox 1367 4317 1557 4383; x_wconf 88' lang='lat' dir='ltr'>deum</span> <span class='ocrx_word' id='word_1_236' title='bbox 1600 4317 1859 4403; x_wconf 81' lang='lat' dir='ltr'>pluviae</span> <span class='ocrx_word' id='word_1_237' title='bbox 1904 4319 2219 4384; x_wconf 88' lang='lat' dir='ltr'>nutritum</span> <span class='ocrx_word' id='word_1_238' title='bbox 2264 4339 2405 4384; x_wconf 92' lang='lat' dir='ltr'>esse</span> <span class='ocrx_word' id='word_1_239' title='bbox 2452 4323 2517 4383; x_wconf 93' lang='lat' dir='ltr'>et</span> <span class='ocrx_word' id='word_1_240' title='bbox 2557 4317 2893 4383; x_wconf 88' lang='lat' dir='ltr'>educatum</span> 
     </span>
     <span class='ocr_line' id='line_1_33' title="bbox 637 4429 2893 4514; baseline -0.001 -18"><span class='ocrx_word' id='word_1_241' title='bbox 637 4451 678 4496; x_wconf 90' lang='lat' dir='ltr'>a</span> <span class='ocrx_word' id='word_1_242' title='bbox 722 4429 969 4495; x_wconf 87' lang='lat' dir='ltr'>deabus</span> <span class='ocrx_word' id='word_1_243' title='bbox 1013 4429 1298 4496; x_wconf 90' lang='lat' dir='ltr'>siderum</span> <span class='ocrx_word' id='word_1_244' title='bbox 1338 4429 1614 4514; x_wconf 79' lang='lat' dir='ltr'>pluviae,</span> <span class='ocrx_word' id='word_1_245' title='bbox 1661 4451 1701 4495; x_wconf 89' lang='lat' dir='ltr'>a</span> <span class='ocrx_word' id='word_1_246' title='bbox 1744 4430 2133 4496; x_wconf 89' lang='lat' dir='ltr'>Pleiadibus.</span> <span class='ocrx_word' id='word_1_247' title='bbox 2207 4432 2384 4510; x_wconf 88' lang='lat' dir='ltr'>Quae</span> <span class='ocrx_word' id='word_1_248' title='bbox 2416 4431 2657 4511; x_wconf 85' lang='lat' dir='ltr'>fabula,</span> <span class='ocrx_word' id='word_1_249' title='bbox 2706 4453 2893 4514; x_wconf 87' lang='lat' dir='ltr'>quam</span> 
     </span>
    </p>
   </div>
   <div class='ocr_carea' id='block_1_12' title="bbox 3076 4 3091 5168">
    <p class='ocr_par' dir='ltr' id='par_1_13' title="bbox 3076 4 3091 5168">
     <span class='ocr_line' id='line_1_34' title="bbox 3076 4 3091 5168; baseline 0 0"><span class='ocrx_word' id='word_1_250' title='bbox 3076 4 3091 5168; x_wconf 95' lang='lat' dir='ltr'> </span> 
     </span>
    </p>
   </div>
  </div>
 </body>
</html>
