3109 5375
1515 536 1947 597 -36-

596 705 963 789 Tanagram
1025 704 1384 770 declinasse
1443 726 1662 769 necne.
1753 704 1919 769 Nam
1962 704 2029 769 in
2086 704 2353 780 scholi0,
2412 706 2586 789 quod
2649 710 2868 771 exst-at

597 817 684 883 ad
727 815 1027 903 Aeschyli
1071 816 1464 883 Eumenidas
1507 820 1591 901 (v.
1635 823 1704 883 ll
1755 850 1841 873 =
1874 816 2119 889 Pindar
2150 816 2334 902 frgm.
2377 823 2473 897 14,
2516 817 2864 900 Boeckh.):

599 928 1046 1016 Χαριζόμενος
1091 926 1456 1016 Ἀθηναίοις
1511 934 1930 1016 καταχθῆναί
1992 948 2157 1016 φησι
2214 928 2595 1015 (Αἰσχύλος)
2653 926 2867 999 αὐτὸν

597 1043 804 1111 ἐκεῖσε
844 1038 1237 1123 Ἀπόλλωνα,
1293 1040 1611 1111 κάκεῖθεν
1660 1039 1787 1128 τὴν
1829 1041 2284 1129 παραπομπὴν
2328 1040 2513 1131 αὐτῷ
2560 1038 2761 1109 εἶναι·
2831 1040 2865 1110 ὅ

597 1155 669 1223 δὲ
718 1157 1059 1239 Πίνδαρος
1103 1153 1317 1242 (frgm.
1367 1155 1472 1238 14)
1528 1155 1601 1222 ἐκ
1654 1152 2001 1241 Τανάγρας
2044 1163 2162 1240 τῆς
2206 1158 2533 1233 Βοιωτίας
2592 1152 2866 1219 Odofre·

597 1265 718 1331 dus
775 1265 1050 1331 Mueller
1107 1266 1559 1349 corrigendum
1625 1288 1765 1331 esse
1824 1267 2081 1349 putavit
2138 1268 2208 1334 ἐκ
2263 1266 2609 1352 Τανάγρας
2666 1266 2734 1331 in
2796 1266 2867 1333 ἐκ

606 1378 918 1467 Τεγύρας.
1007 1376 1154 1443 Non
1198 1398 1389 1461 agam
1437 1378 1516 1443 de
1562 1379 1778 1463 priore
1826 1378 2055 1444 scholii
2113 1382 2321 1463 parte,
2382 1378 2447 1443 in
2502 1399 2635 1461 qua
2680 1375 2866 1443 scho-

593 1490 790 1557 liasta
814 1489 1201 1581 Aeschylum
1243 1491 1459 1557 studio
1487 1490 1823 1575 popularis
1854 1490 2099 1575 gloriae
2131 1491 2467 1556 inductum
2499 1490 2865 1573 Apollinem

596 1602 884 1669 Athenas
924 1602 1364 1667 devertentem
1410 1602 1675 1668 finxisse
1719 1603 1965 1668 statuit.
2056 1604 2199 1681 Qua
2242 1603 2309 1667 in
2354 1624 2426 1667 re
2470 1607 2734 1667 secutus
2768 1608 2870 1667 est

596 1714 990 1781 scholiastae
1047 1715 1432 1780 sententiam
1482 1714 1717 1797 Reisig,
1780 1715 1891 1798 qui
1947 1715 2054 1800 (cf.
2100 1715 2245 1779 adn.
2292 1715 2376 1780 ad
2414 1714 2641 1781 Aesch.
2678 1715 2866 1779 Eum.

596 1850 650 1892 v.
702 1828 768 1911 5)
831 1828 924 1893 sic
983 1826 1250 1893 scribit:
1306 1824 1581 1911 ‘ubique
1643 1829 1931 1893 Athenas
1999 1826 2375 1928 ,celebrandi
2454 1828 2866 1917 occasionem

597 1945 821 2026 captat
877 1940 1126 2019 Aesch„
1184 1937 1461 2023 ideoque
1522 1940 1630 2004 hic
1693 1932 1969 2004 artificio
2032 1936 2306 2004 summo'
2363 1991 2377 2004 .
2410 1990 2424 2004 .
2458 1991 2471 2004 .
2521 1947 2641 2005 etc.
2734 1939 2867 2005 Sed

595 2053 857 2118 minime
888 2052 1242 2137 Aeschylus
1288 2051 1561 2136 gloriam
1607 2052 1863 2136 patriae
1909 2052 2305 2137 quaesivisse
2335 2052 2620 2132 videtur3
2666 2052 2867 2117 immo

597 2169 859 2230 secutus
907 2168 1007 2229 est
1048 2164 1157 2229 ille
1201 2165 1563 2230 versionem
1607 2163 1868 2230 fabulae
1902 2164 2297 2249 Apollinaris
2343 2165 2646 2245 Atticam,
2695 2184 2867 2247 quae

594 2282 751 2343 tunc
781 2277 1112 2361 temporie,
1158 2254 1225 2342 ni
1259 2275 1469 2355 fallor,
1514 2276 1791 2343 valebat.
1854 2276 2210 2360 Utriusque
2236 2282 2474 2361 poetae
2503 2276 2867 2342 testimoni-

594 2368 723 2470 um,
772 2390 825 2455 si
859 2389 1286 2468 conferamuS,
1334 2394 1568 2455 neutra
1599 2389 1774 2469 urbe,
1823 2373 1943 2454 nec
1974 2391 2278 2473 Tanagra
2313 2408 2523 2473 neque
2547 2389 2865 2468 Athenae,

594 2500 998 2568 excludenda
1057 2502 1144 2567 sit
1203 2522 1282 2567 ex
1339 2522 1417 2567 ea
1475 2501 1599 2580 via,
1664 2523 1859 2584 quam
1906 2502 2137 2588 Apollo
2200 2503 2445 2586 cepisse
2506 2501 2863 2567 ferebatur.

593 2616 722 2681 Sed
768 2614 1007 2702 duplex
1052 2618 1270 2679 exstat
1303 2612 1563 2680 fabulae
1600 2612 1829 2695 forma,
1874 2614 2085 2679 forma
2117 2614 2335 2679 Attica
2372 2613 2547 2699 apud
2580 2612 2864 2699 Aeschy-

589 2729 746 2808 lum,
805 2727 980 2812 ap‘ud
1037 2709 1389 2792 Pindarum
1445 2727 1771 2792 Boeotica.
1861 2726 2087 2810 Neque
2145 2748 2295 2792 vero
2354 2715 2649 2792 Muelleri
2713 2747 2863 2791 con·

591 2841 917 2943 iecturam⁸
974 2839 1412 2923 recipiendam
1480 2861 1621 2904 esse
1677 2846 1837 2923 puto
1903 2861 2023 2904 nec
2084 2840 2404 2904 assentior
2470 2838 2864 2904 scholiastae

593 2952 833 3019 dicenti
863 2951 1214 3017 Pindarum
1249 2951 1314 3016 in
1342 2951 1601 3017 laudem
1636 2952 1893 3035 patriae
1923 2973 2077 3016 suae
2106 2973 2411 3044 pompam
2444 2973 2523 3016 ex
2556 2951 2865 3034 Tanagra

593 3066 938 3131 deductam
983 3063 1265 3130 finxisse.
1307 3103 1394 3112 -—-
1435 3063 1644 3128 Nixus
1690 3065 1856 3129 enim
1886 3064 2159 3129 Mueller
2206 3071 2305 3130 est
2332 3065 2456 3130 hoc
2487 3064 2862 3128 testimonio

532 3154 540 3166 ¹
590 3175 841 3263 (Steph.
890 3177 1036 3261 Byz.
1085 3198 1131 3241 s.
1177 3198 1233 3239 v.
1287 3176 1610 3262 Τέγυρα)τ
1686 3178 1975 3264 Τὲγυρα,
2036 3175 2224 3256 πόλις
2282 3181 2623 3256 Βοιωτίας,
2685 3177 2761 3244 ἐν
2822 3165 2863 3265 ᾖ

588 3288 960 3359 Ἀπόλλωνά
990 3306 1153 3375 φασι
1176 3298 1608 3375 γεννηθῆναι.
1658 3296 1887 3375 Σῆμος
1916 3285 1970 3358 δ’
1998 3286 2295 3375 ὃΔήλιος
2318 3286 2443 3374 τὴν
2458 3285 2865 3367 ,Ἀπόλλωνος

590 3402 853 3491 γένεσιν
907 3406 972 3469 οἱ
1013 3402 1136 3488 μὲν
1182 3401 1254 3468 ἐν
1299 3406 1517 3492 Λυκίᾳ
1712 3404 1779 3469 οἱ
1822 3403 1892 3470 δὲ
1946 3399 2019 3468 ἓν
2068 3401 2327 3491 Τεγύρᾳ
2372 3409 2490 3486 τῆς
2535 3405 2863 3480 Βοιωτίας

593 3519 802 3602 φασίν
840 3568 852 3582 .
889 3569 900 3582 .
929 3563 942 3578 .
976 3515 1435 3600 Καλλισθένης
1466 3568 1478 3581 .
1513 3567 1524 3580 .
1556 3568 1569 3581 .
1605 3511 1773 3581 εἶναι
1802 3514 2079 3600 μαντεῖά
2110 3531 2277 3600 φησι
2308 3563 2321 3576 .
2356 3567 2368 3580 .
2413 3509 2489 3581 τὸ
2520 3513 2591 3580 δὲ
2622 3513 2864 3598 κυριώ-

590 3654 787 3713 τερον
831 3625 905 3694 ἐν
923 3634 1241 3712 Δελφοῖς,
1281 3624 1318 3695 ὃ
1348 3627 1458 3694 καὶ
1500 3625 1787 3713 μάλιστά
1812 3644 1975 3712 φασι
2010 3625 2586 3713 μεμαρτυρηκέναι
2632 3623 2759 3710 τὴν
2791 3626 2864 3693 ἐν

601 3740 859 3831 Τεγύρᾳ
876 3737 1152 3824 (scilicet
1182 3739 1461 3826 γένεσιν,
1504 3739 1571 3802 ni
1602 3738 1811 3818 fallor,
1844 3744 2112 3822 propter
2138 3737 2285 3801 Deli
2316 3738 2862 3820 aemulationem).

591 3854 732 3932 Quo
756 3852 1124 3917 testimonio
1149 3850 1382 3916 ductus
1415 3852 1728 3915 correxit:
1761 3851 1873 3931 ,,ἐκ
1908 3851 2261 3937 Τεγύρας“.
2310 3850 2453 3914 Huc
2486 3849 2757 3928 accedit,
2789 3854 2864 3914 ut

589 3964 760 4029 Delii
789 3965 916 4048 ipsi
947 3963 1273 4047 quondam
1307 3985 1385 4028 ex
1414 3962 1627 4027 insula
1660 3964 1850 4027 eiecti
1883 3984 2024 4027 eam
2059 3962 2367 4043 fabulam,
2416 3985 2545 4046 qua
2569 3961 2860 4047 Tegyrae

589 4078 764 4152 deus
793 4082 986 4143 natus
1033 4097 1172 4141 esse
1218 4075 1576 4155 dicebatur,
1624 4095 1974 4158 agnoscere
2008 4080 2393 4160 cogerentur
2426 4075 2532 4160 (cf.
2566 4073 2860 4139 Herodot

591 4197 648 4272 6,
702 4191 871 4274 118).
961 4188 1276 4273 Equidem
1337 4188 1514 4253 haud
1571 4187 1905 4271 intelleg0,
1974 4210 2115 4268 cur,
2173 4209 2565 4272 quamquam
2627 4186 2858 4270 Apollo

590 4303 883 4388 Tegyrae
931 4308 1124 4367 natus
1171 4322 1311 4366 esse
1356 4300 1709 4379 ferebatur,
1755 4322 1882 4365 non
1913 4301 2120 4385 possit
2164 4300 2320 4365 ferri
2356 4300 2547 4366 deum
2578 4321 2659 4366 ex
2685 4298 2857 4366 Delo

588 4415 878 4500 Delphos
937 4413 1453 4498 proficiscentem
1497 4413 1865 4496 Tanagram
1926 4414 2294 4478 devertisse.
2401 4413 2500 4479 Ex
2561 4411 2857 4479 omnibus
