3109 5375
1203 570 1592 630 „5ss

265 756 528 800 oausam
559 735 1265 819 religiososfuisseeos
1296 736 1472 816 dicit,
1519 737 1694 821 quod
1740 759 1867 811 uno
1893 738 1942 821 ¹)
1985 738 2129 805 loco
2169 739 2384 803 omnia
2415 739 2525 807 de-

264 869 448 913 orum
483 844 671 913 sadra
703 870 744 913 a
773 849 969 915 rebus
1000 849 1291 935 profanis
1323 855 1579 915 secreta
1608 872 1804 935 super
1833 850 2163 919 hominum
2198 851 2524 919 domicilia

263 963 350 1043 (9,
377 966 475 1040 22,
498 961 657 1045 2-3)
684 942 1158 1028 exstruxerant.
1205 962 1332 1028 Ubi
1365 969 1553 1028 erant
1582 962 1707 1027 sita
1736 962 1891 1029 fana
1917 962 2153 1043 Liberi,
2180 963 2525 1042 Themidis,

261 1073 553 1153 VeneriS,
598 1074 914 1157 Apollinis
973 1096 1104 1140 una
1131 1096 1289 1140 cum
1337 1056 1547 1140 matre
1594 1081 1659 1139 et
1705 1096 1925 1141 sorore
1979 1074 2156 1153 culti,
2218 1075 2523 1139 Mercurii

263 1184 602 1269 Criophori
649 1192 714 1250 et
757 1186 1106 1266 Promachi
1149 1185 1256 1273 (cf.
1307 1186 1657 1267 Hermann,
1704 1190 1849 1251 Ant.
1898 1188 1933 1271 ξ
1974 1193 2072 1267 15,
2117 1192 2201 1271 3).
2273 1186 2395 1253 His
2442 1186 2522 1253 de

263 1297 754 1379 quaestionibus
815 1299 1081 1364 uberius
1140 1305 1412 1383 egerunt
1466 1297 1683 1365 Leake
1741 1297 2099 1383 (Northern
2162 1299 2409 1364 Greece
2464 1286 2540 1379 2,

260 1415 388 1475 454
408 1412 594 1495 sqq.),
656 1410 914 1476 Ulrichs
959 1411 1220 1479 (Annali
1251 1417 1350 1491 20,
1381 1418 1420 1477 6
1445 1412 1587 1495 sq.),
1646 1410 1925 1477 Bursian
1970 1410 2143 1495 (Ber.
2190 1412 2250 1475 d.
2298 1410 2519 1477 S‘achS.

261 1521 407 1587 Ges.
455 1522 513 1586 d.
554 1522 647 1586 W.
690 1529 871 1604 1859,
924 1528 1242 1607 112-sqq.;
1307 1523 1540 1608 Geogr.
1590 1546 1645 1588 v.
1694 1522 2056 1589 Griechenl.
2110 1529 2162 1603 1,
2194 1512 2364 1608 218)
2407 1525 2521 1610 qui

259 1634 454 1726 etiam
509 1633 801 1699 tabulam
847 1612 1345 1719 geographicam
1391 1636 1648 1702 adiecit.
1735 1634 2089 1701 Praeterea
2153 1636 2238 1701 ab
2294 1637 2520 1703 eodem

257 1731 796 1835 Pes-Dicaearcho
822 1746 876 1833 2)
942 1747 1245 1813 laudibus
1309 1746 1699 1828 efferuntur,
1767 1747 1943 1831 quod
2006 1748 2164 1813 iusti
2228 1748 2519 1829 fuissent,

259 1857 632 1943 hospitales,
681 1859 1022 1944 simplices,
1059 1864 1347 1939 tenaces,
1390 1860 1721 1941 laboriosi,
1764 1860 1876 1945 pii,
1935 1866 2009 1925 ut
2048 1860 2331 1927 viatores
2378 1850 2519 1927 tot⁸a

155 1958 167 1966 ’
260 1970 538 2035 Graecia
582 1976 834 2037 tantum
881 1972 1054 2057 apud
1098 1972 1246 2037 illos
1291 1993 1517 2039 εθοιιιθ
1561 1978 1829 2059 possent
1874 1972 2139 2038 deverti.

431 2084 856 2162 Quaestiones
921 2085 1002 2151 de
1065 2084 1589 2168 Tanagraeorum
1660 2085 1865 2151 sacris
1928 2085 2027 2149 ita
2089 2064 2519 2166 institueram,

256 2200 331 2259 ut
391 2194 676 2279 singulos
742 2197 898 2262 deos
949 2196 1260 2280 'deasque
1333 2197 1685 2262 secundum
1758 2196 2128 2262 litterarum
2202 2197 2520 2263 elementa

255 2312 624 2372 tractarem.
717 2307 843 2377 Sed
889 2318 1032 2374 cum
1074 2309 1336 2393 longum
1382 2310 1467 2375 sit
1495 2312 1716 2374 ‘totam
1760 2330 1931 2374 nunc
1970 2309 2162 2374 edere
2200 2331 2517 2375 commen-

255 2420 586 2501 tationem,
633 2426 792 2485 tres
837 2421 1396 2503 quaestiones
1441 2442 1641 2503 quae
1686 2427 1887 2487 sunt
1931 2422 2019 2486 de
2062 2420 2515 2503 Mercuri0‚

252 2530 594 2612 Libero,
642 2533 1061 2617 Apolline,
1109 2524 1605 2618 selegi'reliqua
1649 2533 1780 2598 alio
1824 2539 1889 2598 et
1923 2540 2217 2618 tempore
2264 2541 2329 2600 et
2373 2522 2515 2600 loco

253 2642 611 2711 additurus.
654 2656 659 2666 '
899 2626 904 2631 ’

429 2871 482 2936 1)
519 2868 682 2924 Paus,
704 2875 750 2938 9,
783 2873 864 2938 22,
903 2873 965 2924 2:
998 2861 1079 2924 Εὖ
1115 2871 1174 2926 δέ
1209 2891 1306 2939 μοι
1336 2875 1681 2940 Ταναγραῖοι
1724 2873 1947 2938 νομίσαι
1983 2868 2050 2924 τοὶ
2090 2869 2147 2932 ἐς
2183 2869 2316 2932 τούς
2342 2870 2517 2936 θεους

253 2953 489 3023 μάλιστόι
527 2958 786 3010 δοκοῦσιν
818 2950 1113 3026 Ελλήνων·
1169 2958 1335 3027 χωρὶς
1383 2955 1482 3025 μὲν
1529 2955 1637 3026 γὰρ
1684 2958 1742 3012 αἱ
1780 2959 1951 3011 οἰκίαι
1989 2957 2193 3026 σφίσιν,
2243 2960 2407 3027 χωρις
2458 2958 2516 3013 δὲ

253 3040 323 3096 τὰ
359 3035 494 3109 Esou.
2100 3061 2110 3070 ·

425 3131 480 3197 2)
515 3129 602 3182 Pe.
606 3128 952 3194 -Dicaearelr
994 3129 1269 3199 (Mueller,
1306 3130 1491 3202 Frgm.
1527 3131 1600 3184 H.
1630 3131 1722 3186 Gr.
1760 3134 1807 3200 2,
1848 3149 1902 3201 p.
1926 3132 2045 3198 258,
2078 3133 2169 3202 8):⁸
2216 3129 2377 3194 0669
2418 3173 2429 3185 .
2460 3175 2471 3186 .

251 3211 461 3278 παντὸς
496 3208 894 3281 καθαρεύουσα
935 3219 1034 3269 τοῦ
1074 3210 1183 3270 vind
1219 3221 1453 3272 κλωπῶν
1476 3211 1659 3290 φόβου
1700 3260 1712 3272 .
1754 3257 1767 3271 .
1808 3257 1821 3270 .
1862 3258 1873 3270 .
1919 3217 1972 3270 οὶ
2011 3215 2408 3280 ἐνοικοῦντες.
2446 3262 2461 3278 .
2500 3259 2511 3272 .

251 3296 623 3371 δικαιοσύνην,
661 3303 860 3370 πίστιν,
899 3303 1089 3368 ξενίαν
1125 3299 1337 3398 ἁγαθοὶ
1374 3296 1755 3372 διαφυλαξαι.
1824 3345 1835 3357 .
1864 3344 1877 3357 .
1916 3298 2141 3360 πάντων
2180 3309 2289 3360 τῶν
2326 3299 2515 3371 Ἑλλή-

255 3409 365 3441 νων
403 3385 839 3459 θεοφοβαίτατοί
875 3391 1030 3443 εἰσιν.
1978 3399 1983 3404 ’
