3109 5375
1201 636 1290 647 ..-
1378 604 1452 664 11
1545 637 1633 648 ..-

455 768 766 855 Denique‚
795 794 942 837 cum
967 772 1050 837 de
1078 770 1400 837 Mercurio
1436 771 1559 836 deo
1596 764 1968 855 pastoriciO,
2001 772 2121 837 deo
2156 770 2545 851 divitiarum,

281 890 635 964 ventorum,
678 884 930 950 medico
961 871 1690 973 (oixdxma)‘egerimu8,
1737 882 1915 949 aliud
1958 884 2223 967 insuper
2268 897 2545 949 comme-

281 996 662 1066 morandum
723 1000 838 1063 est.
947 996 1110 1063 Nam
1181 1018 1346 1076 cum,
1414 1002 1486 1061 ut
1552 996 2017 1075 demonstravi,
2082 994 2421 1061 Andaniae
2480 1002 2549 1062 et

279 1106 572 1175 Corinthi
618 1109 950 1195 particeps
993 1088 1195 1175 fuerit
1241 1109 1713 1195 mysteriorum,
1770 1108 1961 1174 facile
2010 1108 2286 1191 cogitari
2330 1114 2548 1193 potest

280 1221 405 1287 hoo
468 1242 726 1305 quoque
783 1220 928 1287 loco
995 1221 1076 1287 de
1134 1222 1439 1307 mysterio
1503 1221 1785 1305 quodam
1847 1222 1972 1304 agi.
2078 1220 2262 1300 Quod
2315 1226 2549 1287 «autem

281 1332 571 1399 fabulam
607 1355 863 1399 sacram
894 1330 1254 1402 Pausanias
1287 1333 1636 1399 memoriae
1662 1332 1970 1417 prodidit,
2010 1355 2139 1399 non
2175 1340 2274 1399 est
2296 1334 2547 1414 mirum,

283 1446 524 1564 quippe
577 1446 689 1529 qui
749 1446 1024 1513 aliorum
1083 1466 1342 1531 quoque
1401 1460 1737 1513 sacrorum
1770 1466 2021 1517 arcana
2068 1448 2397 1531 acceperit
2439 1446 2547 1531 (cf.

286 1540 344 1639 2,
388 1564 445 1656 3,
455 1556 578 1643 4).

457 1670 690 1735 Omnia
733 1674 950 1741 autem
999 1642 1400 1755 argumenta,
1449 1670 1510 1737 si
1551 1670 2183 1755 perlustraverimus,
2216 1666 2550 1755 intellege-

283 1806 426 1849 mus
486 1783 554 1847 in
611 1783 776 1847 duas
833 1788 1056 1869 partes
1129 1783 1532 1867 disponenda
1596 1803 1772 1865 esse3
1842 1788 1958 1848 aut
2015 1771 2377 1849 Mercurius
2442 1782 2553 1848 ille

282 1895 643 1981 putabatur
686 1901 866 1961 tutor
909 1916 1196 1982 gregum,
1251 1901 1366 1962 aut
1411 1896 1571 1961 deus
1621 1896 1815 1976 venti,
1851 1895 2138 1961 nubium.
2408 1970 2415 1977 ,

457 2007 572 2073 Ille
637 2014 856 2097 autem
921 2008 1319 2089 adulescenS,
1391 2010 1502 2093 qui
1555 1988 1835 2075 'arietem
1902 2010 1969 2101 in
2028 2008 2317 2100 humeris
2376 2008 2551 2073 circa

283 2122 542 2187 moenia
604 2120 890 2201 ferebat,
958 2142 1078 2204 pro
1143 2120 1392 2187 civibus
1457 2122 1744 2207 pluviam
1812 2126 1930 2187 aut
1962 2106 2218 2187 'ventos
2283 2120 2550 2205 petiisse

285 2234 541 2311 videtur
593 2254 633 2299 a
689 2233 1044 2313 Mercurio,
1112 2239 1340 2299 contra
1400 2233 1578 2300 fama
1635 2233 1788 2298 tulit
1846 2254 1991 2298 eum
2053 2255 2171 2319 pro
2230 2230 2552 2299 Mercurio

257 2346 514 2413 ⁴urbem
563 2346 1058 2415 circumvenisse
1116 2346 1184 2411 in
1235 2348 1621 2413 *memoriam
1676 2347 1772 2412 rei
1815 2347 1947 2411 iam
1993 2351 2552 2435 commemoratae.

288 2461 492 2538 Quam
540 2458 622 2523 ob
666 2480 802 2523 rem
865 2460 1061 2523 etiam
1113 2458 1217 2524 dei
1281 2458 1641 2543 symbolum
1700 2458 1976 2538 ferebat,
2036 2459 2342 2540 arietem3
2402 2480 2553 2523 nam

287 2573 425 2657 ipse
485 2569 643 2636 deus
700 2570 1073 2655 fingebatur
1135 2570 1306 2637 aries
1373 2572 1482 2657 (cf.
1532 2572 1734 2656 Pan).
1805 2572 1953 2655 „Sed
2013 2592 2157 2637 cum
2223 2571 2330 2636 dei
2386 2594 2553 2657 sym-

289 2682 510 2750 bolum
552 2690 864 2768 portaret,
911 2685 1050 2770 ipse
1093 2682 1252 2750 deus
1298 2682 1678 2768 putabatur,
1723 2684 1791 2750 id
1839 2684 2013 2768 quod
2052 2688 2304 2750 tantum
2338 2706 2551 2750 sacer-

291 2796 552 2880 dotibus
603 2795 859 2876 accidit,
903 2802 978 2862 ut
1023 2796 1352 2862 Minervae
1399 2796 1793 2863 Pellenensis
1837 2797 2161 2863 sacerdoti
2224 2797 2554 2882 (Polyaen.

291 2916 349 2988 8,
390 2910 518 2992 59),
565 2929 730 2991 quae
776 2908 936 2976 deae
982 2909 1180 2974 armis
1221 2908 1597 2988 ornabatur.
1686 2908 1990 2982 Attamen
2038 2909 2191 2975 huic
2218 2908 2361 2974 loco
2406 2931 2553 2993 pro-

290 3022 606 3106 pinquum
653 3026 754 3086 est
796 3020 956 3086 illud
1005 3021 1370 3088 Aristotelis
1416 3021 1525 3106 (de
1572 3043 1706 3107 rep.
1754 3022 1899 3086 Ath.
1944 3023 2077 3106 14).ι
2093 3021 2552 3114 testimonium,

292 3153 688 3219 quamquam
743 3154 870 3198 non
930 3133 1010 3198 de
1056 3135 1187 3203 ritu
1231 3155 1417 3199 sacro
1464 3135 1712 3217 agitur:
1776 3137 2190 3222 (Μεγακλῆς)
2237 3188 2250 3202 .
2286 3188 2298 3201 .
2334 3188 2349 3202 .
2394 3159 2551 3219 προ-

295 3249 679 3330 διασπείρας
723 3243 849 3331 γὰρ
881 3245 1106 3332 λόγον,
1158 3244 1240 3325 ὡς
1268 3255 1384 3333 τῆς
1421 3243 1697 3337 Ἀθηνᾶς,
1718 3245 2136 3333 καταγούσης
2171 3250 2553 3331 Πεισίστρα,

291 3385 432 3440 τον,
473 3359 587 3426 καὶ
619 3349 904 3446 γυναῖκά
946 3355 1241 3445 μεγάλην
1283 3359 1394 3426 καὶ
1439 3358 1652 3443 καλὴν
1699 3359 1986 3444 ἐξευρών
2036 3409 2049 3424 .
2082 3408 2095 3422 .
2130 3409 2143 3422 .
2189 3359 2297 3445 (cf.
2316 3358 2553 3424 Herod.

299 3477 352 3551 1,
379 3471 488 3555 60)
535 3521 547 3534 .
581 3520 638 3538 ..
685 3469 1216 3569 ovemavtimoi-w·
1243 3477 1553 3562 Θρᾷτταν
1597 3469 1722 3558 τὴν
1765 3469 1932 3539 θεὸν
1976 3467 2557 3558 ἆπομιμησοὶμενος

291 3593 385 3674 τῷ
421 3580 668 3674 κόσμῳ,
714 3581 1192 3670 συνεισήγαγεν
1236 3581 1366 3670 μετ’
1411 3580 1644 3663 αὐτοῦ,
1688 3585 1802 3650 καὶ
1848 3581 1883 3650 ὁ
1927 3585 2048 3686 μὲν
2083 3588 2557 3669 Πεισίστρατος

293 3691 392 3780 ἐφ’
442 3693 733 3782 ἅρματος
791 3694 1154 3782 εἰσήλαυνε,
1222 3696 1758 3783 παραιβατούσης
1813 3705 1930 3783 τῆς
1984 3694 2320 3784 γυναικός,
2379 3699 2446 3763 οἱ
2490 3692 2548 3763 δ’

295 3807 368 3874 ἐν
409 3815 502 3913 τῷ
545 3801 726 3890 οξστει
772 3817 1312 3912 προσκυνοῦντες
1357 3807 1665 3895 ἐδέχοντο
1712 3807 2171 3895 θαυμάζοντες
2236 3806 2345 3893 (cf,
2390 3808 2555 3873 Her-

291 3941 504 3998 mann,
556 3921 701 3984 Ant
746 3919 869 4000 112,
918 3915 1087 4003 220).
1217 3999 1225 4004 ᾖ

464 4033 673 4116 Pergo
701 4053 871 4096 nunc
903 4032 989 4098 ad
1022 4032 1412 4100 Mercurium
1437 4032 1884 4098 Promachum.
1944 4031 2306 4098 Pausaniae
2334 4032 2555 4112 'ver-ba,

295 4166 464 4229 quae
503 4145 586 4210 ad
637 4145 776 4210 eius
822 4145 1196 4228 religionem
1242 4129 1591 4229 pertinent,
1636 4146 1768 4211 iam
1815 4145 2326 4211 commemoravi.
2406 4144 2556 4210 Vul-

293 4258 436 4341 gari
476 4257 849 4323 narratione
891 4257 1175 4349 traditur
1222 4258 1601 4338 MercuriuS,
1651 4280 1795 4324 cum
1836 4259 2239 4324 Eretrienses
2283 4257 2581 4323 navibus·

293 4375 591 4456 peterent
615 4369 861 4449 urbem,
893 4391 1036 4435 cum
1073 4369 1599 4438 adulescentibus
1632 4369 2065 4460 adulescentis
2095 4370 2307 4454 figura
2328 4369 2557 4434 induta

297 4482 530 4569 strigili
597 4487 918 4548 armatum
973 4482 1195 4549 hostes
1241 4483 1521 4568 fugasse.
1607 4484 1727 4549 Cui
1772 4483 1867 4550 rei
1916 4504 2131 4550 veram
2190 4481 2360 4547 hanc
2420 4501 2556 4547 rem
