<?xml version="1.0" encoding="UTF-8"?>
<!DOCTYPE html PUBLIC "-//W3C//DTD XHTML 1.0 Transitional//EN"
    "http://www.w3.org/TR/xhtml1/DTD/xhtml1-transitional.dtd">
<html xmlns="http://www.w3.org/1999/xhtml" xml:lang="en" lang="en">
 <head>
  <title>
</title>
<meta http-equiv="Content-Type" content="text/html;charset=utf-8" />
  <meta name='ocr-system' content='tesseract 3.04.00' />
  <meta name='ocr-capabilities' content='ocr_page ocr_carea ocr_par ocr_line ocrx_word'/>
</head>
<body>
  <div class='ocr_page' id='page_1' title='image "./detanagraeorvms00unkngoog_0023.png"; bbox 0 0 3109 5375; ppageno 0'>
   <div class='ocr_carea' id='block_1_1' title="bbox 1170 606 1601 751">
    <p class='ocr_par' dir='ltr' id='par_1_1' title="bbox 1170 606 1601 751">
     <span class='ocr_line' id='line_1_1' title="bbox 1170 606 1601 751; baseline 0.007 -56"><span class='ocrx_word' id='word_1_1' title='bbox 1170 606 1252 695; x_wconf 51' lang='grc' dir='ltr'>ῥ-</span> <span class='ocrx_word' id='word_1_2' title='bbox 1345 644 1424 751; x_wconf 30' lang='lat'>&#39;17</span> <span class='ocrx_word' id='word_1_3' title='bbox 1511 684 1601 698; x_wconf 75' lang='grc'>..-</span> 
     </span>
    </p>
   </div>
   <div class='ocr_carea' id='block_1_2' title="bbox 242 801 2510 1129">
    <p class='ocr_par' dir='ltr' id='par_1_2' title="bbox 242 801 2510 1129">
     <span class='ocr_line' id='line_1_2' title="bbox 242 801 2510 906; baseline 0.001 -23"><span class='ocrx_word' id='word_1_4' title='bbox 242 816 528 884; x_wconf 89' lang='lat' dir='ltr'>nonnulli</span> <span class='ocrx_word' id='word_1_5' title='bbox 579 801 724 886; x_wconf 78' lang='lat' dir='ltr'>iam</span> <span class='ocrx_word' id='word_1_6' title='bbox 753 820 1127 887; x_wconf 79' lang='lat' dir='ltr'><strong>Cretensem</strong></span> <span class='ocrx_word' id='word_1_7' title='bbox 1189 842 1328 887; x_wconf 88' lang='lat' dir='ltr'>esse</span> <span class='ocrx_word' id='word_1_8' title='bbox 1389 820 1876 901; x_wconf 87' lang='lat' dir='ltr'>contenderunt,</span> <span class='ocrx_word' id='word_1_9' title='bbox 1935 815 2185 901; x_wconf 39' lang='lat' dir='ltr'>*melina</span> <span class='ocrx_word' id='word_1_10' title='bbox 2238 818 2510 906; x_wconf 82' lang='lat' dir='ltr'>propter</span> 
     </span>
     <span class='ocr_line' id='line_1_3' title="bbox 242 930 2507 1025; baseline 0.002 -30"><span class='ocrx_word' id='word_1_11' title='bbox 242 930 422 996; x_wconf 88' lang='lat' dir='ltr'>urbis</span> <span class='ocrx_word' id='word_1_12' title='bbox 484 951 738 1011; x_wconf 88' lang='lat' dir='ltr'>nomen,</span> <span class='ocrx_word' id='word_1_13' title='bbox 797 934 1210 1017; x_wconf 81' lang='lat' dir='ltr'>coniungitur</span> <span class='ocrx_word' id='word_1_14' title='bbox 1277 956 1424 998; x_wconf 46' lang='lat' dir='ltr'>cum.</span> <span class='ocrx_word' id='word_1_15' title='bbox 1466 934 1666 1018; x_wconf 82' lang='lat' dir='ltr'><strong>Hyrie</strong></span> <span class='ocrx_word' id='word_1_16' title='bbox 1730 933 1836 1019; x_wconf 87' lang='lat' dir='ltr'>(cf.</span> <span class='ocrx_word' id='word_1_17' title='bbox 1886 932 2205 1025; x_wconf 84' lang='lat' dir='ltr'>Gerhard,</span> <span class='ocrx_word' id='word_1_18' title='bbox 2250 932 2507 999; x_wconf 87' lang='lat' dir='ltr'>Griech.</span> 
     </span>
     <span class='ocr_line' id='line_1_4' title="bbox 243 1044 2510 1129; baseline 0.002 -22"><span class='ocrx_word' id='word_1_19' title='bbox 243 1044 506 1128; x_wconf 82' lang='lat' dir='ltr'>Mythol.</span> <span class='ocrx_word' id='word_1_20' title='bbox 574 1046 609 1129; x_wconf 58' lang='grc' dir='ltr'>ᾖ</span> <span class='ocrx_word' id='word_1_21' title='bbox 679 1050 823 1125; x_wconf 83' lang='grc'>834,</span> <span class='ocrx_word' id='word_1_22' title='bbox 897 1045 980 1129; x_wconf 88' lang='lat'>3).</span> <span class='ocrx_word' id='word_1_23' title='bbox 1093 1044 1258 1110; x_wconf 88' lang='lat' dir='ltr'>Nam</span> <span class='ocrx_word' id='word_1_24' title='bbox 1332 1045 1629 1111; x_wconf 84' lang='lat' dir='ltr'>Pleiades</span> <span class='ocrx_word' id='word_1_25' title='bbox 1706 1051 2056 1110; x_wconf 86' lang='lat' dir='ltr'>occurrunt</span> <span class='ocrx_word' id='word_1_26' title='bbox 2123 1045 2190 1110; x_wconf 92' lang='lat' dir='ltr'>in</span> <span class='ocrx_word' id='word_1_27' title='bbox 2252 1044 2510 1111; x_wconf 69' lang='lat' dir='ltr'>illorum</span> 
     </span>
    </p>
   </div>
   <div class='ocr_carea' id='block_1_3' title="bbox 140 1155 2509 1248">
    <p class='ocr_par' dir='ltr' id='par_1_3' title="bbox 140 1155 2509 1248">
     <span class='ocr_line' id='line_1_5' title="bbox 140 1155 2509 1248; baseline 0.003 -29"><span class='ocrx_word' id='word_1_28' title='bbox 140 1242 146 1248; x_wconf 26' lang='lat'>¹</span> <span class='ocrx_word' id='word_1_29' title='bbox 241 1155 549 1222; x_wconf 81' lang='lat' dir='ltr'>Boeotiae</span> <span class='ocrx_word' id='word_1_30' title='bbox 616 1157 838 1222; x_wconf 89' lang='lat' dir='ltr'>finium</span> <span class='ocrx_word' id='word_1_31' title='bbox 871 1157 1156 1237; x_wconf 87' lang='lat' dir='ltr'>-fabulis,</span> <span class='ocrx_word' id='word_1_32' title='bbox 1215 1180 1335 1223; x_wconf 91' lang='lat' dir='ltr'>nec</span> <span class='ocrx_word' id='word_1_33' title='bbox 1395 1157 1609 1243; x_wconf 84' lang='lat' dir='ltr'>minus</span> <span class='ocrx_word' id='word_1_34' title='bbox 1668 1157 2003 1224; x_wconf 85' lang='lat' dir='ltr'>Pleiadum</span> <span class='ocrx_word' id='word_1_35' title='bbox 2061 1162 2251 1243; x_wconf 87' lang='lat' dir='ltr'>pater</span> <span class='ocrx_word' id='word_1_36' title='bbox 2310 1158 2509 1225; x_wconf 64' lang='lat' dir='ltr'>Atlas</span> 
     </span>
    </p>
   </div>
   <div class='ocr_carea' id='block_1_4' title="bbox 149 1268 2606 4510">
    <p class='ocr_par' dir='ltr' id='par_1_4' title="bbox 241 1268 2511 2030">
     <span class='ocr_line' id='line_1_6' title="bbox 243 1268 2511 1361; baseline 0.001 -28"><span class='ocrx_word' id='word_1_37' title='bbox 243 1268 347 1333; x_wconf 83' lang='lat' dir='ltr'>Sic</span> <span class='ocrx_word' id='word_1_38' title='bbox 390 1269 572 1335; x_wconf 88' lang='lat' dir='ltr'>Atlas</span> <span class='ocrx_word' id='word_1_39' title='bbox 630 1270 695 1361; x_wconf 85' lang='lat' dir='ltr'>in</span> <span class='ocrx_word' id='word_1_40' title='bbox 751 1270 997 1335; x_wconf 88' lang='lat' dir='ltr'>honore</span> <span class='ocrx_word' id='word_1_41' title='bbox 1058 1271 1426 1338; x_wconf 82' lang='lat' dir='ltr'>habebatur</span> <span class='ocrx_word' id='word_1_42' title='bbox 1487 1271 1845 1353; x_wconf 85' lang='lat' dir='ltr'>Tanagrae,</span> <span class='ocrx_word' id='word_1_43' title='bbox 1907 1271 1988 1336; x_wconf 93' lang='lat' dir='ltr'>de</span> <span class='ocrx_word' id='word_1_44' title='bbox 2047 1292 2175 1355; x_wconf 87' lang='lat' dir='ltr'>quo</span> <span class='ocrx_word' id='word_1_45' title='bbox 2236 1268 2511 1336; x_wconf 79' lang='lat' dir='ltr'>tradidit</span> 
     </span>
     <span class='ocr_line' id='line_1_7' title="bbox 242 1382 2509 1469; baseline 0.002 -25"><span class='ocrx_word' id='word_1_46' title='bbox 242 1382 595 1447; x_wconf 82' lang='lat' dir='ltr'>Pausanias</span> <span class='ocrx_word' id='word_1_47' title='bbox 631 1383 718 1467; x_wconf 84' lang='lat'>(9,</span> <span class='ocrx_word' id='word_1_48' title='bbox 759 1388 858 1462; x_wconf 85' lang='lat'>20,</span> <span class='ocrx_word' id='word_1_49' title='bbox 898 1385 982 1467; x_wconf 90' lang='lat'>3).</span> <span class='ocrx_word' id='word_1_50' title='bbox 1025 1384 1215 1448; x_wconf 66' lang='lat' dir='ltr'>:Filia</span> <span class='ocrx_word' id='word_1_51' title='bbox 1248 1385 1386 1450; x_wconf 90' lang='lat' dir='ltr'>eius</span> <span class='ocrx_word' id='word_1_52' title='bbox 1418 1384 1701 1469; x_wconf 78' lang='lat' dir='ltr'>Alcyone</span> <span class='ocrx_word' id='word_1_53' title='bbox 1739 1384 1806 1446; x_wconf 91' lang='lat' dir='ltr'>in</span> <span class='ocrx_word' id='word_1_54' title='bbox 1840 1382 2077 1447; x_wconf 87' lang='lat' dir='ltr'>fabulis</span> <span class='ocrx_word' id='word_1_55' title='bbox 2112 1383 2509 1465; x_wconf 88' lang='lat' dir='ltr'>Tanagraeis</span> 
     </span>
     <span class='ocr_line' id='line_1_8' title="bbox 244 1494 2511 1581; baseline 0.001 -23"><span class='ocrx_word' id='word_1_56' title='bbox 244 1494 527 1558; x_wconf 80' lang='lat' dir='ltr'>occurrit</span> <span class='ocrx_word' id='word_1_57' title='bbox 573 1496 916 1560; x_wconf 90' lang='lat' dir='ltr'>coniuncta</span> <span class='ocrx_word' id='word_1_58' title='bbox 961 1516 1106 1560; x_wconf 93' lang='lat' dir='ltr'>cum</span> <span class='ocrx_word' id='word_1_59' title='bbox 1153 1495 1473 1581; x_wconf 85' lang='lat' dir='ltr'>Neptuno,</span> <span class='ocrx_word' id='word_1_60' title='bbox 1523 1502 1721 1579; x_wconf 88' lang='lat' dir='ltr'>atque</span> <span class='ocrx_word' id='word_1_61' title='bbox 1760 1494 1890 1559; x_wconf 83' lang='lat' dir='ltr'>fuit</span> <span class='ocrx_word' id='word_1_62' title='bbox 1934 1496 2079 1560; x_wconf 86' lang='lat' dir='ltr'>avia</span> <span class='ocrx_word' id='word_1_63' title='bbox 2122 1494 2511 1573; x_wconf 81' lang='lat' dir='ltr'>Eleutheris,</span> 
     </span>
     <span class='ocr_line' id='line_1_9' title="bbox 245 1584 2511 1693; baseline 0.001 -23"><span class='ocrx_word' id='word_1_64' title='bbox 245 1627 282 1670; x_wconf 89' lang='lat' dir='ltr'>a</span> <span class='ocrx_word' id='word_1_65' title='bbox 328 1584 455 1689; x_wconf 84' lang='lat' dir='ltr'>quo</span> <span class='ocrx_word' id='word_1_66' title='bbox 495 1606 902 1689; x_wconf 89' lang='lat' dir='ltr'>Poemandri,</span> <span class='ocrx_word' id='word_1_67' title='bbox 961 1608 1313 1673; x_wconf 87' lang='lat' dir='ltr'>conditoris</span> <span class='ocrx_word' id='word_1_68' title='bbox 1365 1609 1722 1693; x_wconf 85' lang='lat' dir='ltr'>Tanagrae,</span> <span class='ocrx_word' id='word_1_69' title='bbox 1775 1607 1955 1691; x_wconf 87' lang='lat' dir='ltr'>origo</span> <span class='ocrx_word' id='word_1_70' title='bbox 1996 1607 2359 1675; x_wconf 79' lang='lat' dir='ltr'>ducebatur</span> <span class='ocrx_word' id='word_1_71' title='bbox 2403 1606 2511 1693; x_wconf 88' lang='lat' dir='ltr'>(cf.</span> 
     </span>
     <span class='ocr_line' id='line_1_10' title="bbox 241 1711 2511 1805; baseline 0.002 -24"><span class='ocrx_word' id='word_1_72' title='bbox 241 1718 427 1783; x_wconf 89' lang='lat' dir='ltr'>Paus.</span> <span class='ocrx_word' id='word_1_73' title='bbox 473 1724 528 1797; x_wconf 86' lang='lat'>9,</span> <span class='ocrx_word' id='word_1_74' title='bbox 576 1725 674 1799; x_wconf 89' lang='lat'>20,</span> <span class='ocrx_word' id='word_1_75' title='bbox 727 1727 791 1801; x_wconf 83' lang='lat'>13</span> <span class='ocrx_word' id='word_1_76' title='bbox 853 1721 1019 1787; x_wconf 88' lang='lat' dir='ltr'>Plut.</span> <span class='ocrx_word' id='word_1_77' title='bbox 1069 1743 1170 1805; x_wconf 89' lang='lat' dir='ltr'>qu.</span> <span class='ocrx_word' id='word_1_78' title='bbox 1221 1721 1330 1787; x_wconf 81' lang='lat' dir='ltr'>Gr..</span> <span class='ocrx_word' id='word_1_79' title='bbox 1379 1722 1509 1805; x_wconf 86' lang='lat'>37).</span> <span class='ocrx_word' id='word_1_80' title='bbox 1582 1711 1746 1787; x_wconf 78' lang='lat' dir='ltr'>‘Alia</span> <span class='ocrx_word' id='word_1_81' title='bbox 1787 1720 2069 1785; x_wconf 84' lang='lat' dir='ltr'>Atlantis</span> <span class='ocrx_word' id='word_1_82' title='bbox 2125 1720 2263 1785; x_wconf 90' lang='lat' dir='ltr'>filia</span> <span class='ocrx_word' id='word_1_83' title='bbox 2320 1719 2511 1786; x_wconf 88' lang='lat' dir='ltr'>Maea</span> 
     </span>
     <span class='ocr_line' id='line_1_11' title="bbox 244 1832 2511 1919; baseline 0.001 -24"><span class='ocrx_word' id='word_1_84' title='bbox 244 1837 453 1896; x_wconf 82' lang='lat' dir='ltr'>mater</span> <span class='ocrx_word' id='word_1_85' title='bbox 491 1832 616 1897; x_wconf 88' lang='lat' dir='ltr'>fuit</span> <span class='ocrx_word' id='word_1_86' title='bbox 645 1832 955 1899; x_wconf 85' lang='lat' dir='ltr'>Mercurii</span> <span class='ocrx_word' id='word_1_87' title='bbox 986 1834 1368 1918; x_wconf 87' lang='lat' dir='ltr'>Tanagraei‚</span> <span class='ocrx_word' id='word_1_88' title='bbox 1415 1855 1605 1917; x_wconf 88' lang='lat' dir='ltr'>quem</span> <span class='ocrx_word' id='word_1_89' title='bbox 1637 1834 1708 1897; x_wconf 85' lang='lat' dir='ltr'>in</span> <span class='ocrx_word' id='word_1_90' title='bbox 1735 1838 1951 1899; x_wconf 90' lang='lat' dir='ltr'>monte</span> <span class='ocrx_word' id='word_1_91' title='bbox 1976 1833 2255 1919; x_wconf 73' lang='lat' dir='ltr'>Ceryceo</span> <span class='ocrx_word' id='word_1_92' title='bbox 2286 1839 2511 1900; x_wconf 85' lang='lat' dir='ltr'>natum</span> 
     </span>
     <span class='ocr_line' id='line_1_12' title="bbox 245 1946 1506 2030; baseline 0.002 -23"><span class='ocrx_word' id='word_1_93' title='bbox 245 1964 382 2009; x_wconf 88' lang='lat' dir='ltr'>esse</span> <span class='ocrx_word' id='word_1_94' title='bbox 431 1946 786 2011; x_wconf 86' lang='lat' dir='ltr'>Pausanias</span> <span class='ocrx_word' id='word_1_95' title='bbox 831 1953 916 2030; x_wconf 74' lang='grc'>(9,</span> <span class='ocrx_word' id='word_1_96' title='bbox 959 1952 1060 2026; x_wconf 88' lang='grc'>20,</span> <span class='ocrx_word' id='word_1_97' title='bbox 1110 1950 1174 2030; x_wconf 86' lang='grc'>3)</span> <span class='ocrx_word' id='word_1_98' title='bbox 1220 1946 1506 2011; x_wconf 85' lang='lat' dir='ltr'>tradidit.</span> 
     </span>
    </p>

    <p class='ocr_par' dir='ltr' id='par_1_5' title="bbox 241 2056 2589 3380">
     <span class='ocr_line' id='line_1_13' title="bbox 413 2056 2515 2144; baseline 0.002 -23"><span class='ocrx_word' id='word_1_99' title='bbox 413 2056 764 2123; x_wconf 88' lang='lat' dir='ltr'>Praeterea</span> <span class='ocrx_word' id='word_1_100' title='bbox 820 2057 933 2123; x_wconf 91' lang='lat' dir='ltr'>alii</span> <span class='ocrx_word' id='word_1_101' title='bbox 976 2057 1210 2143; x_wconf 78' lang='lat' dir='ltr'>Hyries</span> <span class='ocrx_word' id='word_1_102' title='bbox 1271 2059 1376 2124; x_wconf 93' lang='lat' dir='ltr'>dei</span> <span class='ocrx_word' id='word_1_103' title='bbox 1425 2064 1499 2123; x_wconf 91' lang='lat' dir='ltr'>ut</span> <span class='ocrx_word' id='word_1_104' title='bbox 1543 2057 1903 2143; x_wconf 79' lang='lat' dir='ltr'>NeptunuS,</span> <span class='ocrx_word' id='word_1_105' title='bbox 1949 2058 2148 2123; x_wconf 91' lang='lat' dir='ltr'>Orion</span> <span class='ocrx_word' id='word_1_106' title='bbox 2191 2056 2409 2144; x_wconf 86' lang='lat' dir='ltr'>(Paus.</span> <span class='ocrx_word' id='word_1_107' title='bbox 2448 2064 2515 2139; x_wconf 89' lang='grc'>9,</span> 
     </span>
     <span class='ocr_line' id='line_1_14' title="bbox 245 2169 2515 2259; baseline 0.001 -26"><span class='ocrx_word' id='word_1_108' title='bbox 245 2173 344 2249; x_wconf 87' lang='grc'>20,</span> <span class='ocrx_word' id='word_1_109' title='bbox 405 2170 474 2253; x_wconf 89' lang='grc'>3)</span> <span class='ocrx_word' id='word_1_110' title='bbox 534 2169 914 2259; x_wconf 85' lang='lat' dir='ltr'>colebantur</span> <span class='ocrx_word' id='word_1_111' title='bbox 971 2169 1327 2255; x_wconf 87' lang='lat' dir='ltr'>Tanagrae.</span> <span class='ocrx_word' id='word_1_112' title='bbox 1392 2169 1611 2239; x_wconf 69' lang='lat' dir='ltr'>,Idem</span> <span class='ocrx_word' id='word_1_113' title='bbox 1670 2176 1804 2237; x_wconf 90' lang='lat' dir='ltr'>tres</span> <span class='ocrx_word' id='word_1_114' title='bbox 1866 2171 1971 2235; x_wconf 92' lang='lat' dir='ltr'>dei</span> <span class='ocrx_word' id='word_1_115' title='bbox 2038 2175 2389 2236; x_wconf 88' lang='lat' dir='ltr'>occurrunt</span> <span class='ocrx_word' id='word_1_116' title='bbox 2448 2172 2515 2236; x_wconf 88' lang='lat' dir='ltr'>in</span> 
     </span>
     <span class='ocr_line' id='line_1_15' title="bbox 245 2282 2517 2367; baseline 0.001 -21"><span class='ocrx_word' id='word_1_117' title='bbox 245 2282 647 2347; x_wconf 85' lang='lat' dir='ltr'>Anthedonis</span> <span class='ocrx_word' id='word_1_118' title='bbox 721 2283 974 2367; x_wconf 71' lang='lat' dir='ltr'>fabulis</span> <span class='ocrx_word' id='word_1_119' title='bbox 1095 2286 1300 2365; x_wconf 81' lang='lat' dir='ltr'>Quam</span> <span class='ocrx_word' id='word_1_120' title='bbox 1373 2284 1456 2350; x_wconf 91' lang='lat' dir='ltr'>ob</span> <span class='ocrx_word' id='word_1_121' title='bbox 1533 2303 1669 2350; x_wconf 88' lang='lat' dir='ltr'>rem</span> <span class='ocrx_word' id='word_1_122' title='bbox 1693 2334 1707 2362; x_wconf 98' lang='lat'>,</span> <span class='ocrx_word' id='word_1_123' title='bbox 1781 2305 1927 2349; x_wconf 90' lang='lat' dir='ltr'>cum</span> <span class='ocrx_word' id='word_1_124' title='bbox 2002 2286 2197 2350; x_wconf 87' lang='lat' dir='ltr'>etiam</span> <span class='ocrx_word' id='word_1_125' title='bbox 2272 2284 2517 2349; x_wconf 90' lang='lat' dir='ltr'>nummi</span> 
     </span>
     <span class='ocr_line' id='line_1_16' title="bbox 241 2390 2517 2483; baseline 0.002 -25"><span class='ocrx_word' id='word_1_126' title='bbox 241 2392 635 2460; x_wconf 88' lang='lat' dir='ltr'>Phoenicum</span> <span class='ocrx_word' id='word_1_127' title='bbox 712 2390 1106 2481; x_wconf 86' lang='lat' dir='ltr'>oppidorum</span> <span class='ocrx_word' id='word_1_128' title='bbox 1173 2396 1426 2483; x_wconf 81' lang='lat' dir='ltr'>Beryti,</span> <span class='ocrx_word' id='word_1_129' title='bbox 1503 2397 1691 2482; x_wconf 81' lang='lat' dir='ltr'>Bybli</span> <span class='ocrx_word' id='word_1_130' title='bbox 1768 2396 2131 2481; x_wconf 88' lang='lat' dir='ltr'>praebeant</span> <span class='ocrx_word' id='word_1_131' title='bbox 2202 2397 2517 2481; x_wconf 81' lang='lat' dir='ltr'>imagines</span> 
     </span>
     <span class='ocr_line' id='line_1_17' title="bbox 243 2501 2516 2595; baseline 0.001 -25"><span class='ocrx_word' id='word_1_132' title='bbox 243 2506 500 2572; x_wconf 90' lang='lat' dir='ltr'>illorum</span> <span class='ocrx_word' id='word_1_133' title='bbox 545 2510 741 2572; x_wconf 87' lang='lat' dir='ltr'>trium</span> <span class='ocrx_word' id='word_1_134' title='bbox 791 2509 1076 2589; x_wconf 88' lang='lat' dir='ltr'>deorum,</span> <span class='ocrx_word' id='word_1_135' title='bbox 1127 2501 1396 2594; x_wconf 76' lang='lat' dir='ltr'>Gruppe¹</span> <span class='ocrx_word' id='word_1_136' title='bbox 1437 2512 1524 2595; x_wconf 92' lang='lat' dir='ltr'>(p.</span> <span class='ocrx_word' id='word_1_137' title='bbox 1560 2512 1669 2593; x_wconf 88' lang='lat'>61)</span> <span class='ocrx_word' id='word_1_138' title='bbox 1716 2508 2079 2575; x_wconf 86' lang='lat' dir='ltr'>arbitratur</span> <span class='ocrx_word' id='word_1_139' title='bbox 2125 2509 2337 2574; x_wconf 84' lang='lat' dir='ltr'>cultus</span> <span class='ocrx_word' id='word_1_140' title='bbox 2370 2505 2516 2575; x_wconf 91' lang='lat' dir='ltr'>illos</span> 
     </span>
     <span class='ocr_line' id='line_1_18' title="bbox 243 2620 2589 2706; baseline 0.001 -23"><span class='ocrx_word' id='word_1_141' title='bbox 243 2640 322 2683; x_wconf 88' lang='lat' dir='ltr'>ex</span> <span class='ocrx_word' id='word_1_142' title='bbox 367 2620 762 2687; x_wconf 89' lang='lat' dir='ltr'>Phoenicum</span> <span class='ocrx_word' id='word_1_143' title='bbox 829 2622 1100 2689; x_wconf 87' lang='lat' dir='ltr'>urbibus</span> <span class='ocrx_word' id='word_1_144' title='bbox 1167 2624 1234 2687; x_wconf 92' lang='lat' dir='ltr'>in</span> <span class='ocrx_word' id='word_1_145' title='bbox 1299 2622 1478 2689; x_wconf 92' lang='lat' dir='ltr'>illam</span> <span class='ocrx_word' id='word_1_146' title='bbox 1542 2627 1796 2706; x_wconf 88' lang='lat' dir='ltr'>partem</span> <span class='ocrx_word' id='word_1_147' title='bbox 1864 2620 2173 2688; x_wconf 88' lang='lat' dir='ltr'>Boeotiae</span> <span class='ocrx_word' id='word_1_148' title='bbox 2243 2621 2516 2688; x_wconf 80' lang='lat' dir='ltr'>venisse.</span> <span class='ocrx_word' id='word_1_149' title='bbox 2584 2647 2589 2655; x_wconf 48' lang='lat'>⁸</span> 
     </span>
     <span class='ocr_line' id='line_1_19' title="bbox 246 2733 2517 2820; baseline 0.001 -24"><span class='ocrx_word' id='word_1_150' title='bbox 246 2736 548 2799; x_wconf 90' lang='lat' dir='ltr'>Attamen</span> <span class='ocrx_word' id='word_1_151' title='bbox 581 2735 974 2801; x_wconf 89' lang='lat' dir='ltr'>contrarium</span> <span class='ocrx_word' id='word_1_152' title='bbox 1017 2737 1330 2801; x_wconf 88' lang='lat' dir='ltr'>accidisse</span> <span class='ocrx_word' id='word_1_153' title='bbox 1372 2746 1756 2820; x_wconf 88' lang='lat' dir='ltr'>persuasum</span> <span class='ocrx_word' id='word_1_154' title='bbox 1786 2733 2019 2816; x_wconf 91' lang='lat' dir='ltr'>habe0,</span> <span class='ocrx_word' id='word_1_155' title='bbox 2067 2756 2210 2800; x_wconf 91' lang='lat' dir='ltr'>cum</span> <span class='ocrx_word' id='word_1_156' title='bbox 2243 2734 2517 2799; x_wconf 87' lang='lat' dir='ltr'>Phoeni-</span> 
     </span>
     <span class='ocr_line' id='line_1_20' title="bbox 246 2843 2516 2932; baseline 0 -22"><span class='ocrx_word' id='word_1_157' title='bbox 246 2843 428 2910; x_wconf 86' lang='lat' dir='ltr'>cibus</span> <span class='ocrx_word' id='word_1_158' title='bbox 486 2847 654 2912; x_wconf 88' lang='lat' dir='ltr'>desit</span> <span class='ocrx_word' id='word_1_159' title='bbox 718 2847 876 2914; x_wconf 90' lang='lat' dir='ltr'>deus</span> <span class='ocrx_word' id='word_1_160' title='bbox 936 2851 1252 2928; x_wconf 87' lang='lat' dir='ltr'>marinus,</span> <span class='ocrx_word' id='word_1_161' title='bbox 1312 2849 1560 2915; x_wconf 87' lang='lat' dir='ltr'>scilicet</span> <span class='ocrx_word' id='word_1_162' title='bbox 1616 2847 1987 2932; x_wconf 86' lang='lat' dir='ltr'>Neptunus3</span> <span class='ocrx_word' id='word_1_163' title='bbox 2049 2848 2178 2912; x_wconf 86' lang='lat' dir='ltr'>huc</span> <span class='ocrx_word' id='word_1_164' title='bbox 2244 2846 2516 2926; x_wconf 86' lang='lat' dir='ltr'>accedit,</span> 
     </span>
     <span class='ocr_line' id='line_1_21' title="bbox 246 2958 2518 3046; baseline 0.001 -24"><span class='ocrx_word' id='word_1_165' title='bbox 246 2958 418 3041; x_wconf 89' lang='lat' dir='ltr'>quod</span> <span class='ocrx_word' id='word_1_166' title='bbox 463 2962 705 3026; x_wconf 90' lang='lat' dir='ltr'>nummi</span> <span class='ocrx_word' id='word_1_167' title='bbox 745 2961 838 3026; x_wconf 92' lang='lat' dir='ltr'>illi</span> <span class='ocrx_word' id='word_1_168' title='bbox 866 2959 1199 3026; x_wconf 90' lang='lat' dir='ltr'>Phoenicii</span> <span class='ocrx_word' id='word_1_169' title='bbox 1242 2960 1711 3046; x_wconf 87' lang='lat' dir='ltr'>imperatorum</span> <span class='ocrx_word' id='word_1_170' title='bbox 1744 2961 2004 3026; x_wconf 90' lang='lat' dir='ltr'>demum</span> <span class='ocrx_word' id='word_1_171' title='bbox 2034 2965 2251 3026; x_wconf 87' lang='lat' dir='ltr'>aetate</span> <span class='ocrx_word' id='word_1_172' title='bbox 2282 2959 2518 3042; x_wconf 85' lang='lat' dir='ltr'>signati</span> 
     </span>
     <span class='ocr_line' id='line_1_22' title="bbox 244 3057 2519 3158; baseline -0 -23"><span class='ocrx_word' id='word_1_173' title='bbox 244 3077 413 3136; x_wconf 90' lang='lat' dir='ltr'>sunt.</span> <span class='ocrx_word' id='word_1_174' title='bbox 505 3072 710 3151; x_wconf 82' lang='lat' dir='ltr'>Quam</span> <span class='ocrx_word' id='word_1_175' title='bbox 774 3074 856 3139; x_wconf 94' lang='lat' dir='ltr'>ob</span> <span class='ocrx_word' id='word_1_176' title='bbox 917 3095 1052 3138; x_wconf 87' lang='lat' dir='ltr'>rem</span> <span class='ocrx_word' id='word_1_177' title='bbox 1115 3057 1274 3158; x_wconf 85' lang='lat' dir='ltr'>puto</span> <span class='ocrx_word' id='word_1_178' title='bbox 1337 3075 1547 3139; x_wconf 88' lang='lat' dir='ltr'>cultus</span> <span class='ocrx_word' id='word_1_179' title='bbox 1616 3072 1944 3156; x_wconf 88' lang='lat' dir='ltr'>quosdam.</span> <span class='ocrx_word' id='word_1_180' title='bbox 1979 3071 2265 3138; x_wconf 85' lang='lat' dir='ltr'>Graecos</span> <span class='ocrx_word' id='word_1_181' title='bbox 2326 3071 2519 3136; x_wconf 88' lang='lat' dir='ltr'>sicuti</span> 
     </span>
     <span class='ocr_line' id='line_1_23' title="bbox 246 3184 2517 3272; baseline 0 -22"><span class='ocrx_word' id='word_1_182' title='bbox 246 3184 485 3250; x_wconf 89' lang='lat' dir='ltr'>multas</span> <span class='ocrx_word' id='word_1_183' title='bbox 557 3185 720 3250; x_wconf 87' lang='lat' dir='ltr'>alias</span> <span class='ocrx_word' id='word_1_184' title='bbox 777 3207 883 3251; x_wconf 88' lang='lat' dir='ltr'>res</span> <span class='ocrx_word' id='word_1_185' title='bbox 944 3192 1162 3253; x_wconf 86' lang='lat' dir='ltr'>aetate</span> <span class='ocrx_word' id='word_1_186' title='bbox 1222 3191 1371 3272; x_wconf 82' lang='lat' dir='ltr'>post</span> <span class='ocrx_word' id='word_1_187' title='bbox 1431 3186 1873 3252; x_wconf 83' lang='lat' dir='ltr'>Alexandrum</span> <span class='ocrx_word' id='word_1_188' title='bbox 1934 3184 2015 3250; x_wconf 90' lang='lat' dir='ltr'>M.</span> <span class='ocrx_word' id='word_1_189' title='bbox 2074 3186 2140 3249; x_wconf 90' lang='lat' dir='ltr'>in</span> <span class='ocrx_word' id='word_1_190' title='bbox 2202 3185 2517 3250; x_wconf 89' lang='lat' dir='ltr'>orientem</span> 
     </span>
     <span class='ocr_line' id='line_1_24' title="bbox 246 3297 806 3380; baseline 0.002 -19"><span class='ocrx_word' id='word_1_191' title='bbox 246 3297 609 3380; x_wconf 84' lang='lat' dir='ltr'>divolgatos</span> <span class='ocrx_word' id='word_1_192' title='bbox 650 3319 806 3364; x_wconf 92' lang='lat' dir='ltr'>esse.</span> 
     </span>
    </p>

    <p class='ocr_par' dir='ltr' id='par_1_6' title="bbox 149 3408 2517 3814">
     <span class='ocr_line' id='line_1_25' title="bbox 419 3408 2514 3498; baseline 0 -25"><span class='ocrx_word' id='word_1_193' title='bbox 419 3410 769 3477; x_wconf 84' lang='lat' dir='ltr'>Praeterea</span> <span class='ocrx_word' id='word_1_194' title='bbox 798 3411 1000 3477; x_wconf 91' lang='lat' dir='ltr'>Orion</span> <span class='ocrx_word' id='word_1_195' title='bbox 1027 3412 1093 3476; x_wconf 90' lang='lat' dir='ltr'>in</span> <span class='ocrx_word' id='word_1_196' title='bbox 1117 3410 1349 3498; x_wconf 83' lang='lat' dir='ltr'>Hyries</span> <span class='ocrx_word' id='word_1_197' title='bbox 1394 3411 1621 3477; x_wconf 86' lang='lat' dir='ltr'>fabula</span> <span class='ocrx_word' id='word_1_198' title='bbox 1649 3409 1975 3476; x_wconf 88' lang='lat' dir='ltr'>Bacchica</span> <span class='ocrx_word' id='word_1_199' title='bbox 2015 3415 2239 3494; x_wconf 88' lang='lat' dir='ltr'>partes</span> <span class='ocrx_word' id='word_1_200' title='bbox 2262 3408 2514 3489; x_wconf 86' lang='lat' dir='ltr'>habuit,</span> 
     </span>
     <span class='ocr_line' id='line_1_26' title="bbox 245 3521 2517 3610; baseline -0.001 -23"><span class='ocrx_word' id='word_1_201' title='bbox 245 3543 397 3587; x_wconf 89' lang='lat' dir='ltr'>nam</span> <span class='ocrx_word' id='word_1_202' title='bbox 447 3523 766 3589; x_wconf 87' lang='lat' dir='ltr'>Pindarus</span> <span class='ocrx_word' id='word_1_203' title='bbox 827 3525 1042 3610; x_wconf 82' lang='lat' dir='ltr'>(frgm.</span> <span class='ocrx_word' id='word_1_204' title='bbox 1091 3525 1200 3608; x_wconf 84' lang='lat'>74)</span> <span class='ocrx_word' id='word_1_205' title='bbox 1253 3524 1526 3590; x_wconf 87' lang='lat' dir='ltr'>tradidit</span> <span class='ocrx_word' id='word_1_206' title='bbox 1580 3523 1883 3588; x_wconf 89' lang='lat' dir='ltr'>Orionem</span> <span class='ocrx_word' id='word_1_207' title='bbox 1941 3523 2226 3588; x_wconf 87' lang='lat' dir='ltr'>nutrices</span> <span class='ocrx_word' id='word_1_208' title='bbox 2274 3521 2517 3586; x_wconf 87' lang='lat' dir='ltr'>Bacchi</span> 
     </span>
     <span class='ocr_line' id='line_1_27' title="bbox 149 3634 2517 3726; baseline -0.001 -27"><span class='ocrx_word' id='word_1_209' title='bbox 149 3668 158 3676; x_wconf 94' lang='lat'>-</span> <span class='ocrx_word' id='word_1_210' title='bbox 247 3641 661 3718; x_wconf 85' lang='lat' dir='ltr'>persecutum</span> <span class='ocrx_word' id='word_1_211' title='bbox 710 3657 866 3701; x_wconf 89' lang='lat' dir='ltr'>esse.</span> <span class='ocrx_word' id='word_1_212' title='bbox 937 3637 1101 3715; x_wconf 61' lang='lat' dir='ltr'>‘Qua</span> <span class='ocrx_word' id='word_1_213' title='bbox 1133 3637 1211 3701; x_wconf 86' lang='lat' dir='ltr'>de</span> <span class='ocrx_word' id='word_1_214' title='bbox 1243 3635 1526 3702; x_wconf 84' lang='lat' dir='ltr'>siderum</span> <span class='ocrx_word' id='word_1_215' title='bbox 1566 3635 1791 3702; x_wconf 86' lang='lat' dir='ltr'>fabula</span> <span class='ocrx_word' id='word_1_216' title='bbox 1824 3657 1941 3702; x_wconf 89' lang='lat' dir='ltr'>suo</span> <span class='ocrx_word' id='word_1_217' title='bbox 1970 3636 2115 3726; x_wconf 87' lang='lat' dir='ltr'>loco</span> <span class='ocrx_word' id='word_1_218' title='bbox 2142 3634 2223 3699; x_wconf 90' lang='lat' dir='ltr'>de</span> <span class='ocrx_word' id='word_1_219' title='bbox 2254 3634 2517 3699; x_wconf 87' lang='lat' dir='ltr'>Atlante</span> 
     </span>
     <span class='ocr_line' id='line_1_28' title="bbox 251 3747 1398 3814; baseline 0.001 -3"><span class='ocrx_word' id='word_1_220' title='bbox 251 3752 518 3813; x_wconf 85' lang='lat' dir='ltr'>acturus</span> <span class='ocrx_word' id='word_1_221' title='bbox 563 3747 883 3814; x_wconf 77' lang='lat' dir='ltr'>tractabo„</span> <span class='ocrx_word' id='word_1_222' title='bbox 1391 3790 1398 3798; x_wconf 88' lang='lat'>-</span> 
     </span>
    </p>

    <p class='ocr_par' dir='ltr' id='par_1_7' title="bbox 246 3859 2606 4510">
     <span class='ocr_line' id='line_1_29' title="bbox 419 3859 2606 3943; baseline -0.002 -19"><span class='ocrx_word' id='word_1_223' title='bbox 419 3861 628 3927; x_wconf 84' lang='lat' dir='ltr'>Aliter</span> <span class='ocrx_word' id='word_1_224' title='bbox 669 3882 776 3927; x_wconf 85' lang='lat' dir='ltr'>res</span> <span class='ocrx_word' id='word_1_225' title='bbox 821 3881 890 3927; x_wconf 90' lang='lat' dir='ltr'>se</span> <span class='ocrx_word' id='word_1_226' title='bbox 933 3861 1136 3927; x_wconf 92' lang='lat' dir='ltr'>habet</span> <span class='ocrx_word' id='word_1_227' title='bbox 1181 3861 1260 3926; x_wconf 91' lang='lat' dir='ltr'>de</span> <span class='ocrx_word' id='word_1_228' title='bbox 1299 3861 1695 3927; x_wconf 78' lang='lat' dir='ltr'>Eleutheris,</span> <span class='ocrx_word' id='word_1_229' title='bbox 1785 3862 1928 3941; x_wconf 84' lang='lat' dir='ltr'>Qua</span> <span class='ocrx_word' id='word_1_230' title='bbox 1971 3859 2036 3924; x_wconf 91' lang='lat' dir='ltr'>in</span> <span class='ocrx_word' id='word_1_231' title='bbox 2082 3859 2247 3926; x_wconf 88' lang='lat' dir='ltr'>urbe</span> <span class='ocrx_word' id='word_1_232' title='bbox 2293 3880 2517 3943; x_wconf 88' lang='lat' dir='ltr'>quam·</span> <span class='ocrx_word' id='word_1_233' title='bbox 2600 3915 2606 3920; x_wconf 86' lang='lat'>.</span> 
     </span>
     <span class='ocr_line' id='line_1_30' title="bbox 250 3969 2517 4058; baseline 0 -21"><span class='ocrx_word' id='word_1_234' title='bbox 250 3992 446 4056; x_wconf 87' lang='lat' dir='ltr'>quam</span> <span class='ocrx_word' id='word_1_235' title='bbox 480 3969 651 4039; x_wconf 73' lang='lat' dir='ltr'>&#39;deus</span> <span class='ocrx_word' id='word_1_236' title='bbox 695 3978 888 4040; x_wconf 87' lang='lat' dir='ltr'>natus</span> <span class='ocrx_word' id='word_1_237' title='bbox 934 3996 1073 4041; x_wconf 88' lang='lat' dir='ltr'>esse</span> <span class='ocrx_word' id='word_1_238' title='bbox 1121 3975 1476 4054; x_wconf 87' lang='lat' dir='ltr'>dicebatur,</span> <span class='ocrx_word' id='word_1_239' title='bbox 1521 3973 1733 4038; x_wconf 88' lang='lat' dir='ltr'>cultus</span> <span class='ocrx_word' id='word_1_240' title='bbox 1764 3973 2065 4058; x_wconf 86' lang='lat' dir='ltr'>Tanagra</span> <span class='ocrx_word' id='word_1_241' title='bbox 2108 3977 2225 4038; x_wconf 89' lang='lat' dir='ltr'>aut</span> <span class='ocrx_word' id='word_1_242' title='bbox 2267 3993 2347 4037; x_wconf 87' lang='lat' dir='ltr'>ex</span> <span class='ocrx_word' id='word_1_243' title='bbox 2388 3972 2517 4038; x_wconf 89' lang='lat' dir='ltr'>alio</span> 
     </span>
     <span class='ocr_line' id='line_1_31' title="bbox 249 4084 2518 4169; baseline 0 -19"><span class='ocrx_word' id='word_1_244' title='bbox 249 4107 406 4151; x_wconf 89' lang='lat' dir='ltr'>orae</span> <span class='ocrx_word' id='word_1_245' title='bbox 451 4107 638 4152; x_wconf 87' lang='lat' dir='ltr'>sacro</span> <span class='ocrx_word' id='word_1_246' title='bbox 679 4109 754 4152; x_wconf 92' lang='lat' dir='ltr'>eo</span> <span class='ocrx_word' id='word_1_247' title='bbox 800 4087 1056 4153; x_wconf 89' lang='lat' dir='ltr'>delatus</span> <span class='ocrx_word' id='word_1_248' title='bbox 1103 4109 1242 4152; x_wconf 90' lang='lat' dir='ltr'>esse</span> <span class='ocrx_word' id='word_1_249' title='bbox 1289 4087 1563 4152; x_wconf 87' lang='lat' dir='ltr'>videtur.</span> <span class='ocrx_word' id='word_1_250' title='bbox 1651 4086 2035 4169; x_wconf 88' lang='lat' dir='ltr'>Antiquiore</span> <span class='ocrx_word' id='word_1_251' title='bbox 2077 4091 2295 4150; x_wconf 85' lang='lat' dir='ltr'>aetate</span> <span class='ocrx_word' id='word_1_252' title='bbox 2325 4084 2518 4150; x_wconf 89' lang='lat' dir='ltr'>Eleu-</span> 
     </span>
     <span class='ocr_line' id='line_1_32' title="bbox 246 4197 2520 4285; baseline 0 -23"><span class='ocrx_word' id='word_1_253' title='bbox 246 4198 478 4264; x_wconf 88' lang='lat' dir='ltr'>therae</span> <span class='ocrx_word' id='word_1_254' title='bbox 537 4199 694 4264; x_wconf 88' lang='lat' dir='ltr'>urbs</span> <span class='ocrx_word' id='word_1_255' title='bbox 741 4200 1004 4285; x_wconf 86' lang='lat' dir='ltr'>fuerunt</span> <span class='ocrx_word' id='word_1_256' title='bbox 1047 4200 1396 4282; x_wconf 82' lang='lat' dir='ltr'>Boeotiae3</span> <span class='ocrx_word' id='word_1_257' title='bbox 1461 4199 1575 4266; x_wconf 90' lang='lat' dir='ltr'>sed</span> <span class='ocrx_word' id='word_1_258' title='bbox 1622 4219 1751 4282; x_wconf 88' lang='lat' dir='ltr'>quo</span> <span class='ocrx_word' id='word_1_259' title='bbox 1795 4204 2088 4283; x_wconf 87' lang='lat' dir='ltr'>tempore</span> <span class='ocrx_word' id='word_1_260' title='bbox 2131 4197 2520 4264; x_wconf 85' lang='lat' dir='ltr'>Heraclidae</span> 
     </span>
     <span class='ocr_line' id='line_1_33' title="bbox 246 4310 2520 4397; baseline 0 -23"><span class='ocrx_word' id='word_1_261' title='bbox 246 4311 316 4374; x_wconf 88' lang='lat' dir='ltr'>in</span> <span class='ocrx_word' id='word_1_262' title='bbox 361 4311 872 4397; x_wconf 86' lang='lat' dir='ltr'>Peloponnesum</span> <span class='ocrx_word' id='word_1_263' title='bbox 931 4314 1284 4390; x_wconf 84' lang='lat' dir='ltr'>redierunt,</span> <span class='ocrx_word' id='word_1_264' title='bbox 1333 4313 1693 4377; x_wconf 89' lang='lat' dir='ltr'>Atticorum</span> <span class='ocrx_word' id='word_1_265' title='bbox 1739 4310 1917 4377; x_wconf 86' lang='lat' dir='ltr'>facta</span> <span class='ocrx_word' id='word_1_266' title='bbox 1960 4316 2076 4392; x_wconf 89' lang='lat' dir='ltr'>est,</span> <span class='ocrx_word' id='word_1_267' title='bbox 2134 4331 2409 4395; x_wconf 88' lang='lat' dir='ltr'>quorum</span> <span class='ocrx_word' id='word_1_268' title='bbox 2452 4311 2520 4376; x_wconf 90' lang='lat' dir='ltr'>in</span> 
     </span>
     <span class='ocr_line' id='line_1_34' title="bbox 250 4416 2519 4510; baseline 0 -23"><span class='ocrx_word' id='word_1_269' title='bbox 250 4416 508 4490; x_wconf 87' lang='lat' dir='ltr'>dicione</span> <span class='ocrx_word' id='word_1_270' title='bbox 561 4425 710 4490; x_wconf 90' lang='lat' dir='ltr'>inde</span> <span class='ocrx_word' id='word_1_271' title='bbox 771 4426 854 4491; x_wconf 94' lang='lat' dir='ltr'>ab</span> <span class='ocrx_word' id='word_1_272' title='bbox 915 4426 1025 4491; x_wconf 94' lang='lat' dir='ltr'>illo</span> <span class='ocrx_word' id='word_1_273' title='bbox 1081 4432 1372 4510; x_wconf 90' lang='lat' dir='ltr'>tempore</span> <span class='ocrx_word' id='word_1_274' title='bbox 1427 4425 1803 4510; x_wconf 89' lang='lat' dir='ltr'>permansit.</span> <span class='ocrx_word' id='word_1_275' title='bbox 1893 4423 2151 4490; x_wconf 88' lang='lat' dir='ltr'>Scholio</span> <span class='ocrx_word' id='word_1_276' title='bbox 2196 4425 2279 4490; x_wconf 85' lang='lat' dir='ltr'>ad</span> <span class='ocrx_word' id='word_1_277' title='bbox 2325 4424 2519 4489; x_wconf 77' lang='lat' dir='ltr'>Arist.</span> 
     </span>
    </p>
   </div>
   <div class='ocr_carea' id='block_1_5' title="bbox 250 4527 2521 4694">
    <p class='ocr_par' dir='ltr' id='par_1_8' title="bbox 250 4527 2521 4694">
     <span class='ocr_line' id='line_1_35' title="bbox 250 4527 2521 4623; baseline -0 -22"><span class='ocrx_word' id='word_1_278' title='bbox 250 4537 529 4604; x_wconf 89' lang='lat' dir='ltr'>Acharn.</span> <span class='ocrx_word' id='word_1_279' title='bbox 577 4561 632 4602; x_wconf 81' lang='lat' dir='ltr'>v.</span> <span class='ocrx_word' id='word_1_280' title='bbox 681 4543 804 4604; x_wconf 87' lang='lat'>243</span> <span class='ocrx_word' id='word_1_281' title='bbox 871 4545 937 4604; x_wconf 90' lang='lat' dir='ltr'>et</span> <span class='ocrx_word' id='word_1_282' title='bbox 979 4537 1344 4604; x_wconf 90' lang='lat' dir='ltr'>Pausaniae</span> <span class='ocrx_word' id='word_1_283' title='bbox 1396 4538 1541 4603; x_wconf 91' lang='lat' dir='ltr'>loco</span> <span class='ocrx_word' id='word_1_284' title='bbox 1604 4540 1691 4623; x_wconf 92' lang='lat'>(1,</span> <span class='ocrx_word' id='word_1_285' title='bbox 1731 4543 1787 4619; x_wconf 89' lang='grc'>2,</span> <span class='ocrx_word' id='word_1_286' title='bbox 1838 4539 1903 4621; x_wconf 84' lang='grc'>5)</span> <span class='ocrx_word' id='word_1_287' title='bbox 1964 4537 2248 4603; x_wconf 88' lang='lat' dir='ltr'>traditur</span> <span class='ocrx_word' id='word_1_288' title='bbox 2300 4527 2521 4603; x_wconf 87' lang='lat' dir='ltr'>Liberi</span> 
     </span>
     <span class='ocr_line' id='line_1_36' title="bbox 2072 4643 2105 4694; baseline 0 0"><span class='ocrx_word' id='word_1_289' title='bbox 2072 4643 2105 4694; x_wconf 70' lang='grc'>2</span> 
     </span>
    </p>
   </div>
  </div>
 </body>
</html>
