3109 5375
1171 534 1599 595 ...31-

250 699 414 791 (voces)
440 696 839 781 Ἀπόλλωνός
881 701 974 788 τε)
1020 704 1128 769 καὶ
1151 698 1517 789 Ἀρτέμιδος
1565 757 1577 770 .
1628 758 1639 769 .
1690 758 1702 771 .
1751 700 2113 790 ἀγάλματα.
2186 705 2359 769 Idem
2393 726 2512 788 pro

247 809 431 902 αὐτῷ
473 816 734 897 scripsit
775 823 886 903 τῷ.
970 814 1301 881 Hactenus
1348 816 1689 881 Schubart.
1732 878 1737 881 ,
1782 814 1908 880 Sed
1956 838 2125 881 nunc
2166 817 2514 895 videamuS,

247 945 492 1007 opusne
554 927 639 991 sit
694 932 1067 990 contextum
1126 926 1218 990 ita
1263 928 1499 1011 corrigi
1557 949 1641 992 an
1703 928 1902 993 verba
1958 930 2204 993 tradita
2248 931 2513 993 retineri

245 1038 514 1119 possint.
559 1039 773 1116 Quare
807 1038 890 1103 ad
920 1039 1294 1106 testimonia
1322 1041 1448 1104 iam
1485 1046 1794 1123 congesta
1826 1038 2093 1105 afferam
2121 1041 2513 1125 Thucydidis

243 1148 421 1237 locos
469 1154 557 1234 (4,
606 1156 704 1228 76,
741 1157 822 1219 ,42
881 1148 1040 1230 τοὺς
1086 1152 1157 1218 δὲ
1180 1134 1573 1238 Ἀθήναίους
1624 1152 1756 1220 ἔδει
1798 1152 2055 1239 Δήλιον
2099 1159 2515 1240 καταλαβεῖν,

244 1260 320 1329 τὸ
365 1262 440 1328 ἐν
482 1270 564 1351 τῇ
617 1267 1002 1353 Ταναγραίᾳ
1027 1316 1038 1329 .
1068 1317 1080 1330 .
1111 1260 1544 1343 ,Ἀπόλλωνος
1590 1264 1816 1350 ἱερόν)
1845 1270 1909 1329 et
1952 1264 2258 1348 Diogenis
2300 1265 2513 1329 Laert.

243 1376 331 1457 (6,-
377 1379 492 1440 20:
557 1373 814 1461 Δήλιον
861 1428 873 1442 .
926 1429 937 1443 .
987 1357 1224 1461 πατρὶς
1249 1373 1721 1461 Ἀπόλλωνος).·
1790 1378 1929 1456 Quo
1987 1398 2066 1442 ex
2124 1379 2513 1460 scriptorum

241 1505 508 1551 numero
556 1492 866 1569 quattuor
911 1494 1167 1553 tantum
1201 1488 1512 1570 Apollinis
1551 1489 1796 1582 cultum
1830 1496 2511 1569 commemoraverunt,

240 1620 407 1663 unus
464 1599 820 1664 Pausanias
884 1602 1131 1665 Dianae
1197 1621 1455 1684 quoque
1524 1607 1589 1665 et
1650 1601 1956 1669 Latonae.
2064 1602 2293 1685 Apollo
2361 1623 2512 1667 vero

239 1696 658 1794 peculiariter
701 1713 1070 1778 habebatur
1111 1714 1178 1777 in
1223 1713 1468 1778 honore
1505 1715 1574 1778 in
1603 1714 1825 1795 Deli03
1875 1715 2057 1778 cuius
2103 1714 2209 1779 dei
2254 1714 2511 1779 simula·

243 1844 419 1888 crum
465 1823 591 1887 hoc
634 1826 778 1890 loco
825 1846 952 1888 non
1001 1846 1141 1890 esse
1191 1832 1782 1905 commemoratum,
1828 1828 2131 1908 quoniam
2160 1827 2411 1891 Dianae
2450 1835 2515 1891 et

238 1935 532 1999 Latonae
577 1941 942 2001 statuarum
987 1936 1062 2001 fit
1103 1939 1363 2018 menti0,
1409 1960 1484 2003 eo
1531 1940 1739 2021 magis
1780 1945 1878 2004 est
1908 1940 2293 2018 mirandum,
2339 1939 2513 2021 quod

237 2047 598 2113 Pausanias
644 2051 774 2132 (10,
822 2055 922 2129 28,
971 2052 1036 2133 6)
1099 2051 1239 2133 ipse
1301 2056 1366 2115 et
1413 2049 1783 2115 Herodotus
1852 2048 2081 2116 fusius‘
2122 2052 2507 2116 mentionem

235 2160 410 2225 illius
488 2160 796 2227 fecerunt.
907 2163 1201 2243 Accedit,
1272 2169 1346 2227 ut
1418 2164 1647 2247 religio
1711 2164 2102 2247 Apollinaris
2171 2164 2510 2247 Tanagrae

235 2273 490 2337 urbana
555 2280 876 2357 prognata
939 2276 1023 2341 sit
1084 2296 1161 2338 ex
1209 2276 1372 2339 Delii
1435 2276 1632 2355 cultu,
1702 2281 1767 2339 et
1822 2277 2185 2341 Pausaniae
2248 2276 2327 2340 de
2384 2276 2511 2341 hac

242 2388 656 2451 veneratione
701 2388 1138 2451 testimonium
1195 2408 1402 2470 paene
1451 2394 1955 2503 congruat'cum
2005 2410 2079 2452 eo
2124 2390 2511 2466 testimonio,

236 2498 410 2579 quod
457 2504 671 2563 exstat
717 2499 795 2563 de
830 2498 1015 2563 Delio
1061 2498 1255 2563 cultu,
1347 2500 1525 2578 Quae
1570 2522 1677 2565 res
1722 2504 2115 2583 quamquam
2162 2500 2511 2569 Schubarti

237 2612 670 2676 coniecturam
706 2610 934 2676 fulcire
960 2611 1232 2692 videtur,
1264 2618 1481 2702 tamen
1513 2633 1653 2677 eam
1686 2613 1967 2698 probare
1997 2634 2124 2677 non
2149 2634 2506 2697 possumus.

233 2723 436 2789 Immo
481 2724 670 2808 longe
716 2724 907 2790 aliter
937 2746 1070 2790 res
1136 2747 1204 2790 se
1273 2725 1490 2790 habet.
1584 2727 1949 2810 Scriptores
2017 2727 2112 2792 illi
2178 2732 2505 2808 quattuor,

233 2856 510 2918 quorum
554 2839 908 2922 praecipue
952 2839 1269 2902 intererat
1309 2860 1414 2902 res
1460 2827 1696 2903 afferre
1756 2840 2187 2922 gravissimae,
2252 2844 2505 2903 tantum

235 2937 550 3032 Apollinis
594 2950 968 3032 religionem
1019 2959 1702 3030 commemoraverunt,
1752 2973 1893 3016 cum
1936 2951 2077 3015 fieri
2107 2973 2233 3014 non
2264 2957 2503 3034 posset,

229 3067 304 3124 ut
342 3061 518 3126 illam
561 3062 628 3125 in
655 3063 840 3126 Delio
869 3063 1215 3126 tractando
1246 3063 1679 3146 neglegerent,
1725 3065 1965 3156 quippe
2002 3064 2183 3128 cuius
2215 3063 2507 3147 oppiduli

229 3174 362 3237 sive
427 3175 596 3238 sacri
654 3195 887 3239 nomen
949 3175 1308 3240 derivatum
1373 3181 1545 3240 esset
1610 3177 1693 3239 ab
1753 3176 2066 3259 Apollinis
2128 3177 2505 3256 cognomine

224 3285 474 3371 Δήλιος
536 3293 649 3351 aut
715 3287 798 3352 ab
863 3287 1115 3352 insulae
1172 3288 1316 3351 Deli
1375 3289 1649 3352 nomine.
1743 3289 2082 3352 Enimvero
2128 3289 2503 3367 PausaniaS,

225 3403 299 3461 ut
372 3399 762 3482 periegeteS,
848 3401 1020 3464 inter
1089 3422 1308 3465 omnes
1383 3407 1682 3465 constare
1754 3400 2109 3465 arbitratus
2184 3402 2248 3464 in
2318 3401 2501 3466 Delio

232 3510 547 3593 Apollinis
597 3514 974 3594 cognomine
1019 3514 1255 3595 insigni
1302 3514 1406 3578 dei
1465 3514 1637 3578 illius
1680 3519 1961 3577 statuam
2010 3533 2169 3592 esse,
2230 3513 2503 3577 tradidit

223 3643 359 3686 rem
427 3623 637 3687 minus
697 3630 940 3700 notam,
1006 3631 1080 3689 ut
1140 3626 1398 3709 saepius
1464 3626 1637 3690 fecit.
1742 3627 2155 3710 Quapropter
2217 3647 2342 3690 non
2404 3631 2502 3688 est
2600 3674 2605 3680 .

224 3755 386 3817 opus
450 3735 563 3799 illa
628 3737 1018 3816 coniectura,
1081 3739 1136 3802 si
1201 3739 1410 3821 locum
1469 3739 1567 3802 ita
1630 3739 2042 3823 explicamus
2143 3737 2323 3815 Quod
2390 3737 2500 3801 alii

226 3847 577 3930 scriptores
619 3849 875 3912 Delium
921 3850 1416 3934 appellaverunt
1461 3855 1825 3936 πολίχνιον,
1871 3850 1959 3914 nil
2004 3849 2207 3914 refert
2239 3851 2305 3914 in
2333 3851 2497 3913 Pau-

223 3959 447 4024 saniae
479 3960 619 4025 loco
642 3961 1158 4044 interpretanda·
1198 3964 1554 4027 Pausanias
1575 3964 1841 4046 quidem
1868 3963 1946 4026 de
1974 3962 2158 4027 Delio
2191 3963 2498 4026 tractavit

222 4073 482 4154 saepius
539 4079 610 4136 ut
670 4093 875 4152 sacro,
945 4095 1074 4138 non
1139 4075 1464 4158 oppidulo.
1569 4075 1800 4157 Itaque
1858 4075 1982 4139 hoc
2037 4075 2178 4138 loco
2240 4075 2493 4139 Delium

225 4183 610 4266 significavit
670 4184 761 4248 nil
817 4187 941 4249 nisi
1003 4186 1318 4269 Apollinis
1379 4186 1546 4250 Delii
1608 4186 1966 4251 delubrum.
2076 4187 2216 4251 Hoc
2276 4193 2493 4252 autem

127 4330 132 4334 ·
222 4296 415 4360 modo
504 4298 720 4360 omnia
802 4298 966 4362 bene
1029 4299 1406 4381 procedunt.
1515 4300 1584 4362 Si
1648 4300 1726 4363 de
1795 4300 1979 4364 Delio
2046 4305 2121 4364 ut
2186 4299 2494 4382 oppidulo

228 4409 614 4492 scripsisset,
657 4411 926 4475 retineri
970 4432 1096 4474 non
1153 4418 1420 4494 possent
1456 4412 1687 4476 verba:
1747 4391 2164 4499 καλούμενον
2210 4410 2491 4497 Δήλιον
