3109 5375
1440 576 2057 641 '---14—->

615 744 842 835 OdysS.
881 774 909 815 ε
953 748 1098 832 51):
1147 747 1256 816 διὰ
1296 746 1373 816 τὸ
1417 747 1725 835 λαμπρὸν
1766 752 1881 817 καί
1924 746 2166 817 λευκὸν
2206 753 2333 815 τοῦ
2374 752 2565 829 θεοῦ,
2610 742 2695 813 ad
2737 766 2879 815 eam

621 860 1117 947 explicationem
1137 911 1152 941 ,
1217 840 1430 943 quam*
1453 861 1630 944 apud
1672 860 2041 929 Gilbertum
2080 860 2455 925 invenimus.
2544 860 2669 947 Qui
2714 858 2885 927 Mer·

619 975 784 1041 curii
827 973 1026 1039 Leuci
1081 972 1458 1055 religionem
1517 972 2033 1057 antiquissimam
2098 992 2238 1037 esse
2292 972 2563 1058 putavit
2592 976 2659 1037 et
2700 992 2883 1057 spec·

614 1093 760 1152 tare
807 1106 1160 1170 cognomen
1222 1080 1310 1151 ut¹
1339 1084 1683 1171 Criophori
1738 1086 1822 1151 ad
1865 1084 2130 1151 nubium
2176 1069 2439 1165 deum-,⁸
2468 1090 2695 1149 contra
2737 1106 2881 1169 per-

613 1199 825 1264 tinere
869 1218 1010 1263 eam
1057 1197 1332 1263 formam
1379 1220 1507 1263 non
1553 1198 1638 1264 ad
1685 1203 2035 1279 aest-atem,
2080 1218 2211 1281 qua
2252 1196 2475 1293 pluvia
2514 1198 2882 1281 petebatur,

615 1311 730 1380 sed
775 1312 864 1377 ad'
899 1294 1392 1402 veris'tempus,
1439 1332 1574 1395 quo¹
1613 1310 1931 1396 petebant
1974 1330 2017 1376 a
2056 1310 2325 1376 nubium
2365 1308 2521 1391 dec,
2550 1332 2631 1375 ne
2677 1310 2884 1393 nubes

507 1498 514 1502 ‚
617 1424 930 1493 obscuras
976 1424 1043 1488 in
1074 1424 1254 1489 caelo
1299 1423 1591 1509 pelleret,
1638 1422 1755 1491 sed
1803 1444 1915 1491 eas
1959 1421 2308 1491 candentes
2353 1428 2419 1489 et
2460 1423 2633 1488 leves
2661 1423 2883 1489 =solem

614 1537 996 1635 comitantes
1057 1534 1378 1603 redderet.
1455 1536 1879 1621 =Recentiore‘
1932 1541 2151 1601 autem
2227 1540 2445 1603 aetate
2504 1548 2659 1601 ‘eam
2725 1556 2883 1615 rem,

616 1640 784 1734 quae
829 1649 1176 1735 spectabat
1233 1650 1320 1717 ad
1362 1670 1467 1715 res
1525 1645 1863 1731 naturales
1905 1648 2245 1733 (Artemid.
2312 1654 2369 1729 2,
2424 1652 2540 1715 36:
2586 1649 2759 1736 νέφη
2802 1648 2885 1715 τὰ

613 1764 735 1850 μὲν
777 1760 981 1831 λευκὰ
1021 1758 1374 1848 εὐπραξίας
1418 1760 1822 1851 σημαντικά,
1866 1760 1947 1829 τὰ
1994 1752 2288 1849 φοφῶδη
2334 1766 2741 1843 δυσθυνίας,
2803 1760 2885 1827 τὰ

505 1955 512 1959 ,
613 1876 888 1963 μέλαινα
948 1884 1267 1963 χειμῶνος
1329 1872 1370 1962 ἢ
1410 1874 1679 1969 λύπης),
1750 1896 1829 1939 ex
1888 1873 2383 1939 ratiocinatione
2446 1874 2531 1939 ad
2588 1873 2885 1951 salutem,

615 2008 812 2071 quam
874 1988 943 2053 in
1005 1987 1176 2053 bello
1251 1988 1568 2053 acerrimo
1622 1986 1983 2051 Mercurius
2041 1986 2266 2052 tulisse
2334 1984 2710 2066 dicebatur,
2782 2006 2886 2051 re-

613 2099 931 2177 ferebant.
1022 2129 1038 2149 v
1904 2165 1911 2171 ,,

793 2214 972 2315 Quae
1019 2233 1410 2297 quamquam
1463 2162 1895 2304 probabiliter
1940 2211 2078 2305 erui
2112 2216 2424 2296 »possunt
2484 2213 2701 2277 tamen
2757 2232 2889 2275 non

532 2307 536 2309 ’
615 2347 886 2411 prorsus
929 2324 1244 2391 recedunt
1289 2302 1577 2410 scrupuli
1626 2322 1705 2389 de
1750 2324 2058 2391 Mercurii
2098 2323 2379 2389 Phaedri
2422 2330 2495 2389 et
2536 2324 2732 2389 Leuci
2778 2344 2887 2387 ve-

616 2439 972 2503 neratione.

668 2548 674 2554 ’
793 2551 980 2615 Iuvat
1024 2570 1194 2615 nunc
1234 2570 1571 2633 quaerere,
1616 2570 1745 2633 quo
1790 2554 2083 2633 tempore
2120 2547 2259 2613 dies
2288 2548 2434 2615 festi
2468 2547 2887 2613 Mercuriales

619 2664 749 2730 acti
793 2663 936 2728 sint.
1029 2662 1224 2728 Cuius
1258 2664 1353 2729 rei
1388 2663 1509 2728 etsi
1553 2662 1927 2758 testimonia
1964 2666 2145 2726 certa
2192 2682 2320 2726 non
2369 2660 2623 2741 adsunt,
2668 2666 2890 2726 tamen

617 2774 864 2860 aliquid
909 2776 1180 2842 inveniri
1227 2796 1419 2860 posse
1469 2781 1649 2861 puto.
1738 2775 1994 2841 Menses
2030 2772 2421 2843 Boeotorum
2450 2773 2889 2860 (cf.Bischoff,

615 2887 830 2973 Leipz.
879 2887 1060 2956 Stud.
1097 2889 1242 2968 -VII,
1291 2895 1414 2954 343
1440 2891 1609 2974 sqq.)
1658 2884 1727 2954 si'
1756 2889 2217 2968 examinemuS,
2274 2887 2444 2954 alter
2488 2889 2724 2960 mensis
2764 2882 2889 2972 *pro

617 3003 834 3066 Attico
880 3001 1241 3088 Γαμηλιοόν
1286 3006 1502 3068 exstat
1535 3001 1863 3089 Ἑρμαῖος.
1939 3002 2097 3087 ¹Qua
2140 3020 2219 3066 ex·
2259 3021 2329 3066 re
2362 3001 2559 3065 etiam
2592 2999 2888 3064 concludi

619 3118 858 3198 potest,
927 3114 1168 3198 quippe
1212 3115 1323 3197 qui
1370 3116 1609 3182 mensis
1652 3113 2061 3204 Mercurialis
2108 3112 2323 3191 fuerit,
2369 3133 2444 3179 eo
2490 3133 2707 3179 mense
2753 3112 2891 3177 dies

619 3224 821 3290 festos
888 3225 1253 3292 celebratos
1313 3228 1372 3294 ei
1431 3249 1591 3294 esse.
1632 3211 1827 3292 Huc
1894 3202 2165 3306 accedit,
2229 3225 2403 3309 quod
2466 3224 2597 3290 illis
2660 3224 2889 3290 diebus

615 3337 800 3404 festis
851 3359 1083 3404 nomen
1111 3337 1395 3427 Ἕρμαια
1441 3340 1585 3420 fuit,
1652 3341 1763 3424 qui
1831 3361 1976 3406 cum
2033 3340 2100 3404 in
2145 3339 2398 3422 reliqua
2438 3337 2711 3403 Boeotia
2753 3344 2889 3402 tum

505 3499 510 3504 -
617 3450 954 3535 Tanagrae
999 3445 1382 3536 agebantur.
1471 3452 1713 3519 Mensis
1754 3459 1969 3518 autem
2017 3473 2248 3518 nomen
2296 3472 2336 3514 a
2379 3451 2508 3516 diei
2538 3451 2689 3517 festi
2722 3450 2889 3516 deri-

617 3569 838 3628 vatum
885 3585 1025 3630 esse
1071 3571 1365 3649 apparet.
1455 3566 1573 3631 Cui
1618 3571 1835 3630 autem
1882 3565 2188 3632 Mercurii
2240 3563 2487 3628 formae
2529 3563 2638 3627 ille
2685 3564 2891 3629 festus

624 3675 762 3741 dies
808 3682 1106 3742 sacratus
1152 3679 1255 3758 sit,
1297 3677 1561 3778 difficile
1608 3683 1708 3744 est
1740 3677 2117 3746 diiudicatu.
2186 3678 2345 3741 Cum
2380 3676 2466 3741 ad
2500 3674 2889 3742 Mercurium

618 3788 1050 3854 Promachum
1115 3793 1335 3873 potest
1402 3798 1731 3876 spectare,
1814 3790 1915 3856 cui
1989 3788 2313 3854 nonnullis
2385 3789 2451 3852 in
2520 3788 2891 3872 regionibus

511 3925 514 3930 ·
622 3903 980 3968 certamina
1026 3902 1408 3986 agebantur,
1454 3909 1593 3976 tum
1633 3903 1719 3970 ad
1749 3903 2053 3983 Leucum,
2100 3923 2245 3967 cum
2268 3901 2629 3966 Hermaeus
2655 3901 2892 3966 mensis

623 4013 822 4080 fuerit
865 4016 1044 4080 verni
1089 4017 1422 4100 temporis.

793 4128 1042 4210 Restat,
1084 4135 1160 4194 ut
1206 4115 1522 4214 exponam
1565 4130 1888 4215 quomodo
1940 4129 2101 4193 deus
2132 4127 2473 4210 Tanagrae
2516 4145 2891 4210 repraesen-

612 4243 792 4306 tatus
839 4240 942 4305 sit.
1036 4242 1178 4321 Qua
1239 4241 1320 4306 de
1381 4263 1452 4306 re
1497 4263 1539 4308 a
1582 4242 1742 4308 viris.
1782 4241 1993 4307 doctis
2037 4241 2425 4333 acciterfflest
2472 4227 2921 4322 disputatum.‘

620 4351 1081 4421 Testimonium
1117 4353 1304 4422 nobis
1345 4361 1446 4420 est
1483 4356 1837 4420 maximum
1872 4353 2235 4418 Pausaniae
2266 4353 2353 4436 (9,
2401 4357 2501 4432 22,
2549 4354 2632 4436 2).
2709 4351 2891 4432 Quod

618 4466 673 4530 si
719 4468 1066 4549 sequimur,
1128 4466 1491 4534 Mercurius
1552 4489 1897 4552 expressus
1964 4471 2108 4532 erat
2165 4467 2233 4530 in
2278 4465 2618 4548 Oriophori
2660 4466 2811 4530 fano
2856 4486 2894 4528 a
