3109 5375
371 1470 394 1497 Χ

409 1568 414 1575 ’
462 1506 585 1625 De
624 1546 924 1637 cultibus,
962 1555 1142 1644 loeis,
1185 1554 1498 1621 institutis
1529 1536 2060 1638 Tanagraeorum
2091 1554 2295 1627 sacris
2326 1558 2551 1619 acturo
2582 1551 2588 1555 ’

291 1691 420 1735 non
479 1644 562 1734 ab
620 1692 690 1735 re
746 1670 949 1734 visum
1009 1674 1108 1734 est
1155 1668 1466 1733 nonnulla
1512 1668 1594 1733 de
1634 1667 1818 1733 urbis
1852 1667 2141 1733 historia
2186 1672 2253 1732 et
2296 1668 2553 1734 casibus

290 1783 710 1865 praemittere
755 1788 822 1847 et
865 1781 1193 1867 explicare
1238 1783 1304 1846 in
1349 1782 1738 1895 universum,
1788 1800 2066 1863 quonam
2098 1779 2234 1846 fere
2263 1786 2554 1865 tempore

292 1894 528 1976 singuli
572 1893 782 1958 cultus
826 1895 978 1959 sint
1001 1891 1268 1978 recepti

463 2006 844 2089 Tanagraei,
891 2027 1164 2089 quorum
1209 2005 1367 2071 urbs
1406 2006 1472 2071 in
1518 2006 1783 2070 sinistra
1818 2004 2017 2097 Asopi
2058 2006 2205 2095 ripa
2239 2006 2367 2069 sita
2395 2010 2556 2085 erat,

293 2119 497 2183 donec
525 2118 757 2183 Graeci
790 2108 1098 2184 libertate
1137 2118 1539 2196 fruebantur,
1587 2119 1941 2203 participes
1982 2117 2246 2183 fuerunt
2278 2117 2557 2183 foederis

293 2231 600 2313 Boeotici,
647 2232 752 2296 cni
795 2230 1098 2297 addictae
1144 2236 1331 2313 erant
1374 2230 1749 2317 Thucydide
1796 2234 1882 2315 (4,
1916 2232 2025 2313 93)
2071 2236 2237 2296 teste
2277 2214 2587 2311 Thebae,

283 2343 626 2424 Plataeae,
653 2340 972 2428 Tanagra,
1004 2344 1342 2428 Thespiae,
1373 2343 1731 2423 HaliartuS,
1764 2334 2076 2423 Coronea,
2098 2342 2558 2425 OrchomenuS,

293 2456 524 2541 Copae.
615 2458 920 2521 Attamen
977 2456 1242 2521 eaedem
1296 2456 1498 2521 urbes
1559 2476 1686 2520 non
1733 2474 1986 2539 semper
2028 2457 2097 2521 in
2140 2454 2251 2521 illo
2298 2454 2559 2521 foedere

292 2568 573 2647 fuerunt,
592 2558 742 2633 sed
802 2564 922 2651 pro
982 2568 1280 2633 fortunae
1336 2567 1920 2647 vicissitudinibuS,
1978 2568 2215 2651 quibus
2264 2567 2561 2675 singulae
2612 2584 2614 2586 ’

296 2681 493 2747 urbes
539 2668 872 2751 subiectae
917 2689 1126 2761 erant,
1186 2681 1380 2747 modo
1426 2682 1559 2747 alia
1603 2680 1760 2746 urbs
1805 2680 2051 2747 viribus
2096 2681 2327 2756 fracta,
2373 2681 2565 2747 modo

297 2797 426 2860 alia
473 2799 616 2859 erat
659 2794 878 2860 diruta
935 2801 1051 2859 aut
1095 2795 1180 2860 ab
1243 2796 1515 2860 aliorum
1566 2796 1749 2860 stetit
1790 2795 2107 2878 partibus.
2198 2795 2563 2878 Tanagram

295 2928 428 2972 una
471 2929 614 2972 cum
651 2907 892 2973 Thebis
939 2907 1143 2972 solam
1189 2895 1567 2974 inv'enimus'
1592 2909 1658 2972 in
1703 2907 1877 2972 illius
1924 2907 2205 2973 foederis
2251 2907 2564 2991 catalogis

297 3040 550 3103 semper
590 3021 988 3105 inscriptam.
1079 2997 1088 3006 ’

473 3132 668 3197 Cuius
729 3132 910 3197 urbis
971 3132 1245 3215 vestigia
1306 3132 1390 3196 ad
1449 3133 1903 3226 antiquissima
1960 3131 2206 3197 ducunt
2249 3137 2565 3216 tempora,

299 3244 536 3326 quibus
593 3244 1016 3334 Parasopiam
1081 3245 1392 3310 tenebant
1421 3245 1468 3328 ι)
1528 3245 1708 3325 Grai,
1770 3265 2045 3328 quorum
2112 3249 2309 3328 caput
2340 3244 2567 3323 ‚fuisse

297 3357 571 3438 videtur,
635 3377 781 3424 cum
838 3358 1020 3452 urbis
1065 3379 1295 3423 nomen
1335 3357 1597 3442 syllaba
1639 3356 2163 3442 ‘cava-praefixa
2206 3358 2567 3423 derivatum

299 3470 385 3534 sit
429 3492 469 3534 a
515 3470 858 3543 Graiorum
901 3470 1175 3535 nominc.
1251 3473 1307 3536 A
1340 3471 1575 3554 quibus
1608 3471 1836 3536 incolis
1862 3471 1929 3535 in
1963 3471 2207 3536 honore
2236 3469 2569 3535 habeban-

299 3587 409 3646 tur
467 3583 661 3648 Ceres
708 3580 989 3664 Achaea,
1055 3585 1158 3648 cui
1219 3584 1472 3649 Graeae
1520 3603 1779 3667 quoque
1833 3603 2186 3667 cognomen
2231 3582 2372 3663 fuit,
2420 3584 2569 3647 Am-

300 3694 650 3778 phiaraus,
692 3696 804 3777 qui
867 3696 1024 3761 deus
1084 3696 1427 3760 chthonius
1469 3697 1640 3760 inter
1679 3695 1826 3760 illos
1869 3695 2186 3779 peculiari
2232 3695 2573 3760 fruebatur
2676 3729 2681 3738 ·

301 3808 734 3887 veneratione,
780 3807 1098 3889 Dioscuri,
1146 3828 1420 3891 quorum
1461 3808 1689 3892 religio
1727 3809 1899 3874 inter
1930 3813 2153 3892 gentes
2184 3808 2571 3876 vetustiores

305 3924 449 3983 erat
495 3920 910 4004 amplissima.
1435 3900 1440 3904 .
2040 3917 2045 3920 ¹

475 4031 602 4098 Sed
671 4053 816 4097 cum
887 4055 967 4098 ex
1025 4032 1364 4099 Thessalia
1425 4034 1658 4099 Aeoles
1725 4035 1791 4098 in
1860 4055 2004 4098 eam
2070 4037 2334 4114 terram,
2404 4053 2572 4118 quae

302 4149 535 4227 postea
578 4143 853 4210 Boeotia
896 4147 1230 4211 nominata
1289 4152 1406 4228 est,
1468 4145 1956 4212 descendissent
2016 4152 2083 4212 et
2143 4168 2288 4211 cum
2345 4146 2573 4211 incolis

305 4257 770 4322 vetustioribus
833 4258 913 4323 de
976 4252 1213 4324 finibus
1273 4259 1720 4339 decertarent,
1806 4281 1935 4325 non
2001 4260 2272 4325 eandem
2332 4265 2574 4324 sortem

479 4487 530 4552 1)
567 4483 779 4552 Meyer,
818 4481 1018 4538 Gesch.
1057 4484 1110 4537 d.
1146 4484 1264 4539 Alt.
1305 4485 1352 4553 2,
1392 4484 1580 4554 §1243
1617 4485 2003 4552 Wilamowitz,
2040 4484 2237 4539 Herm.
2264 4487 2347 4552 21,
2378 4487 2574 4553 97sqq.

2094 4572 2159 4625 1*
