3109 5375
1484 538 1919 605 ..32-

559 710 633 781 ἕν
677 711 748 781 δὲ
796 706 1022 805 αὐτῷ.
1062 764 1075 778 .
1166 712 1391 796 Neque
1437 712 1605 777 enim
1652 712 1939 796 intellegi
1998 717 2218 798 potest
2274 733 2418 778 eum
2479 712 2834 781 tradidisse

556 827 814 891 omnino
874 826 942 889 in
1009 824 1319 911 oppidulo
1371 830 1649 891 statuas'
1689 825 1908 891 fuisse.
2012 824 2139 889 Sed
2200 826 2434 890 statuis
2498 847 2660 910 opus
2732 832 2835 891 est

562 937 947 1016 aedificium,
991 958 1120 1021 quo
1165 943 1645 1003 conserventur.
1714 937 2011 1021 Denique
2040 958 2184 1003 cum
2212 936 2467 1002 Delium
2514 938 2834 1023 significet

557 1050 783 1115 aedem
809 1050 1125 1134 Apollinis
1159 1050 1344 1132 Delii,
1391 1071 1516 1115 non
1548 1072 1712 1134 opus
1743 1056 1889 1115 erat
1932 1055 2217 1115 statuam
2258 1049 2380 1130 dei,
2428 1050 2533 1115 cui
2564 1051 2831 1136 adytum

557 1168 1005 1228 consecratum
1047 1168 1206 1243 erat,
1268 1184 1806 1244 commemorare3
1870 1164 2175 1245 quoniam
2232 1161 2375 1227 fieri
2422 1184 2551 1227 non
2593 1164 2826 1247 potuit,

555 1280 628 1340 ut
673 1276 928 1341 deesset
970 1276 1406 1343 simulacrum.
1494 1275 1854 1341 Pausanias
1902 1281 2120 1341 autem
2165 1275 2305 1360 ipse
2349 1276 2639 1341 indicare
2670 1276 2829 1343 mihi

556 1387 812 1453 videtur
869 1408 938 1453 se
999 1410 1127 1453 non
1185 1389 1252 1453 in
1306 1389 1522 1453 animo
1583 1388 1894 1453 habuisse
1952 1387 2055 1452 dei
2112 1393 2373 1455 statuae
2439 1390 2827 1454 mentionem

555 1499 789 1580 facere,
845 1499 1171 1586 particula
1229 1502 1338 1570 καὶ
1397 1499 1613 1585 posita
1674 1506 1824 1566 ante
1877 1496 2260 1587 Ἀρτέμιδος.

731 1612 899 1677 Delii
946 1620 1163 1679 autem
1211 1613 1528 1699 Apollinis
1576 1613 1991 1679 simulacrum
2037 1612 2393 1679 Pausanias
2442 1616 2572 1697 (10,
2621 1620 2723 1693 28,
2760 1616 2829 1697 6)

558 1728 1084 1818 commemoravit
1140 1726 1320 1791 hisce
1377 1726 1627 1791 verbis:
1691 1724 1977 1812 ἐδήλωσε
2040 1727 2111 1795 δὲ
2170 1721 2553 1812 (εὐσέβειαν)
2614 1727 2727 1794 καὶ
2793 1724 2829 1794 ὁ

524 1839 800 1923 γΜῆδος
856 1830 1066 1918 Δᾶτις
1123 1839 1344 1926 λόγοις
1409 1866 1517 1918 τε,
1580 1836 1698 1919 οὓς
1755 1835 1895 1907 εἶπε
1955 1836 2121 1924 πρὸς
2174 1842 2504 1925 Δηλίους,
2560 1840 2672 1906 καὶ
2733 1848 2827 1928 τῷ

559 1950 752 2041 ἔργῳ,
798 1948 996 2039 ἡνίκα
1043 1950 1118 2019 ἐν
1149 1955 1472 2038 Φοινίσσῃ
1515 1952 1627 2037 νηὶ
1675 1948 1933 2037 ἄγαλμα
1979 1948 2200 2037 εὑρὼν
2227 1947 2629 2032 Ἀπόλλωνος
2673 1948 2826 2019 ἀπέ-

555 2064 770 2130 δωκεν
827 2052 1034 2144 αὖθις
1088 2068 1529 2150 Ταναγραίοις
1588 2063 1653 2143 ἐς
1708 2063 1989 2149 Δήλιον·
2067 2061 2244 2133 οὕτω
2307 2064 2435 2149 μὲν
2490 2061 2569 2131 τὸ
2630 2072 2827 2132 θεῖον

552 2176 664 2243 καὶ
710 2178 776 2242 οἱ
817 2176 1059 2256 ποῖντες
1102 2176 1252 2246 τότε
1300 2165 1471 2263 ἦγον
1515 2176 1589 2243 έν
1633 2184 1808 2265 τιμῇ,
1864 2177 1975 2244 καὶ
2034 2176 2137 2243 ἐπὶ
2188 2175 2367 2269 λόγῳ
2412 2176 2698 2268 τοιούτῳ
2744 2174 2826 2243 τὰ

555 2288 620 2368 ές
653 2288 776 2357 τὸν
816 2290 1194 2377 συλήσαντα
1236 2287 1380 2375 ἱερὰ
1426 2289 1671 2376 ἔγραψε
1704 2288 2161 2375 Πολύγνωτος.
2210 2288 2580 2354 Herodotus
2604 2295 2823 2358 autem

555 2400 636 2464 de
679 2423 750 2465 re
799 2402 1023 2467 eadem
1069 2400 1234 2467 haec
1272 2401 1475 2467 habet
1517 2404 1605 2486 (6,
1654 2404 1835 2485 118):
1903 2411 2113 2482 Δᾶτις
2158 2402 2229 2469 δὲ
2272 2399 2722 2489 πορευόμενος
2758 2401 2827 2481 ἐς

551 2511 677 2599 τὴν
730 2508 978 2601 Ἀσίην,
1049 2513 1259 2581 ἐπείτε
1327 2513 1589 2600 ἐγένετο
1660 2513 1733 2581 ἐν
1790 2512 2123 2604 Μυκόνῳ,
2182 2512 2313 2582 εἶδε
2381 2510 2540 2593 ὄψιν
2601 2514 2673 2581 έν
2728 2523 2825 2604 τῷ

555 2622 782 2718 ὕπνῳ·
848 2627 960 2694 καὶ
1006 2624 1147 2715 ἥτις
1190 2627 1313 2714 μὲν
1358 2615 1442 2712 ἦν
1489 2622 1531 2714 ἡ
1570 2621 1747 2708 ὄψις,
1806 2622 1891 2695 οὐ
1930 2626 2213 2713 λέγεται·
2276 2621 2311 2695 ὃ
2357 2627 2429 2695 δὲ
2476 2680 2489 2694 .
2526 2676 2587 2692 ..
2636 2625 2824 2714 ζήτη-

549 2756 656 2806 σιν
713 2739 1003 2808 ἐποιέετο
1065 2749 1206 2810 τῶν
1261 2748 1455 2818 νεῶν,
1517 2736 1740 2824 εὑρὼν
1794 2740 1865 2808 δὲ
1912 2739 1986 2807 έν
2029 2741 2141 2828 νηὶ
2190 2742 2517 2826 Φοινίσσῃ
2561 2735 2825 2827 ἄγαλμα

551 2847 953 2932 Ἀπόλλωνος
1013 2852 1522 2940 κεχρυσωμένον
1591 2852 2007 2921 ἐπυνθάνετο
2067 2849 2315 2922 ὁκόθεν
2373 2852 2827 2939 σεσυλημένον

551 2968 672 3050 εἴη,
733 2963 1124 3052 πυθόμενος
1182 2965 1253 3033 δὲ
1313 2965 1378 3045 ἐξ
1439 2953 1524 3032 οὗ
1571 2953 1655 3049 ἦν
1700 2967 1874 3050 ἱροῦ,
1937 2964 2122 3032 ἔπλεε
2167 2974 2249 3055 τῇ
2295 2965 2556 3033 ἑωυτοῦ
2600 2965 2712 3052 νηὶ
2760 2964 2828 3044 ἐς

550 3084 811 3165 Δῆλον·
866 3077 978 3144 καὶ
1023 3073 1305 3144 ἀπίκατο
1353 3075 1480 3163 γὰρ
1528 3085 1895 3163 τηνικαῦτα
1944 3079 2009 3144 οἱ
2037 3076 2279 3163 Δήλιοι
2326 3073 2536 3145 ὀπίσω
2586 3077 2649 3156 ές
2700 3075 2829 3162 τὴν

549 3196 779 3273 νῆσον,
837 3193 1273 3257 κατατίθεταί
1327 3214 1396 3256 τε
1445 3189 1509 3269 ές
1552 3188 1632 3256 τὸ
1678 3187 1829 3275 ἱρὸν
1872 3185 1949 3257 τὸ
1994 3186 2253 3277 ἄγαλμα
2298 3191 2409 3258 καὶ
2454 3186 2826 3258 ἐντέλλεται

552 3311 725 3369 τοῖσι
768 3306 1080 3389 Δηλίοισι
1124 3299 1496 3389 ἀπαγαγεῖν
1541 3297 1617 3369 τὸ
1663 3298 1923 3388 ἄγαλμα
1969 3302 2033 3381 ἐς
2079 3302 2341 3389 Δήλιον
2383 3301 2460 3369 τὸ
2510 3306 2831 3388 Θηβαίων

655 3467 668 3480 .
704 3464 717 3477 .
779 3412 902 3483 τὸν
946 3416 1017 3483 δὲ
1062 3411 1429 3500 ἀνδριάντα
1470 3424 1718 3483 τοῦτον
1761 3415 2002 3501 Δήλιοι
2048 3411 2172 3482 οὐκ
2234 3411 2603 3502 ἀπήγαγον,
2658 3411 2829 3482 ἀλλά

548 3552 667 3614 μιν
711 3526 792 3595 δι’
821 3528 1024 3596 ἐτέων
1070 3532 1277 3596 ε’ίκοσι
1305 3527 1589 3614 Θηβαῖοι
1634 3523 1827 3594 αὐτοὶ
1862 3528 1933 3594 ἐκ
1969 3532 2392 3612 θεοπροπίου
2429 3527 2827 3608 ἐκομίσαντο

547 3638 658 3707 ἐπὶ
705 3639 982 3727 Δήλιον.

724 3753 1074 3833 Quaeritur
1137 3773 1308 3817 nunc
1367 3751 1447 3816 de
1505 3749 1966 3837 discrepantia,
2024 3770 2191 3833 quae
2244 3750 2417 3816 inest
2472 3751 2538 3815 in
2596 3751 2829 3818 eadem

558 3884 630 3931 re
677 3864 761 3931 ab
792 3864 1126 3930 Herodoto
1170 3869 1234 3929 et
1263 3863 1592 3929 Pausania
1637 3862 1893 3928 diverso
1938 3863 2129 3928 modo
2166 3870 2454 3944 narrata,
2502 3864 2829 3951 quomodo

554 3976 969 4045 iudicandum
1032 3977 1130 4042 sit.
1245 3976 1313 4042 Si
1374 3976 1518 4060 quis
1578 3995 1707 4041 non
1768 3975 2141 4060 diligentius
2207 3981 2655 4061 perscrutetur
2710 3975 2831 4042 illa

550 4089 944 4169 testimonia,
1007 4089 1415 4169 Pausaniam,
1479 4089 1866 4172 praesertim
1930 4109 2120 4172 quem
2179 4093 2399 4154 notum
2449 4090 2535 4154 sit
2579 4090 2829 4155 fontem

559 4203 953 4286 singularem
1027 4201 1399 4266 adhibuisse
1461 4200 1782 4266 Herodoti
1849 4222 2010 4285 opus
2072 4205 2138 4265 et
2207 4222 2350 4266 eum
2418 4223 2547 4268 non
2616 4201 2827 4268 solum

555 4337 792 4395 rerum,
839 4335 1002 4398 quas
1037 4312 1260 4379 attulit
1296 4312 1422 4393 ille,
1466 4314 1930 4398 peritissimum
1976 4314 2191 4395 fuisse,
2240 4313 2352 4379 sed
2390 4315 2585 4380 etiam
2622 4335 2829 4398 genus

557 4429 815 4494 dicendi
845 4427 1168 4492 imitatum
1206 4441 1365 4506 esse,
1411 4426 1509 4492 uti
1542 4426 1789 4492 Gurlitt
1811 4426 2059 4512 (Ueber
2088 4428 2448 4492 Pausanias
2480 4435 2637 4512 p.49
2656 4432 2830 4513 sqq.)
