3109 5375
1170 591 1603 655 „13-

259 759 572 826 minatum
619 782 760 826 esse
807 759 1156 826 tradiderit
1199 768 1469 845 propter
1506 761 2109 856 quod-Promaohus
2154 760 2521 847 appellatus
2598 828 2609 843 .

261 880 424 953 erat,
470 872 680 957 colligi
729 879 947 956 potest
991 879 1106 938 aut
1148 880 1282 939 tres
1345 874 1492 939 illas
1537 872 1781 939 formas
1828 885 2212 959 congruere,
2280 874 2346 937 in
2394 896 2525 957 qua

259 1008 330 1050 re
390 986 458 1050 id
518 1006 671 1050 vero
731 986 963 1051 mirum
1025 991 1153 1065 est,
1216 986 1387 1069 quod
1452 986 1811 1051 Pausanias
1868 985 2286 1069 praeterierit
2342 986 2519 1051 illam

259 1098 738 1163 enarrationem
793 1098 874 1163 de
930 1098 1153 1163 liberis
1213 1100 1544 1177 mactatis,
1604 1103 1718 1162 aut
1776 1098 1921 1162 illas
1952 1098 2206 1163 formas
2252 1098 2522 1165 Tzetzae

259 1232 482 1276 errore
519 1211 916 1294 Tanagraeis
962 1210 1314 1275 attributas
1361 1231 1519 1275 5555.
1610 1212 1754 1275 11110
1798 1210 2071 1288 accedit,
2125 1210 2299 1293 quod
2342 1211 2523 1294 igno-

256 1342 496 1402 ramuS,
540 1321 712 1387 unde
757 1322 1020 1389 Tzetzes
1063 1323 1350 1389 fabulam
1396 1323 1708 1389 hauserit.
1800 1322 1927 1387 Sed
1972 1322 2332 1402 videamus,
2380 1344 2524 1406 pos·
2582 1348 2587 1353 ·

164 1475 170 1480 -
259 1436 427 1501 sitne
459 1434 634 1515 fieri,
680 1441 754 1500 ut
797 1435 950 1501 illae
993 1434 1242 1519 figurae
1289 1456 1434 1500 cum
1480 1434 1843 1502 Promacho
1892 1434 2326 1501 conferantur.

431 1546 724 1633 Φαιδρός
783 1568 1136 1633 cognomen
1195 1547 1386 1613 facile
1449 1552 1671 1631 potest
1728 1546 2075 1630 explicari,
2165 1568 2315 1612 nam
2379 1570 2523 1613 cum

259 1660 622 1725 Mercurius
681 1661 768 1725 sit
827 1662 1100 1726 antistes
1142 1660 1548 1745 palaestrae,
1618 1661 1686 1727 in
1741 1680 1873 1742 qua
1916 1634 2366 1726 adulescentes
2412 1684 2527 1727 un-

260 1774 515 1856 guentis
559 1772 873 1852 nitebant,
918 1795 1044 1839 non
1089 1774 1220 1838 iam
1266 1774 1348 1839 de
1393 1772 1865 1857 significatione
1902 1774 2298 1857 cognominis
2340 1774 2526 1840 dubi-

257 1886 387 1950 tari
431 1891 666 1969 potest.
758 1886 942 1967 Quod
987 1907 1340 1969 cognomen
1393 1886 1567 1952 idem
1612 1886 1739 1977 sibi
1782 1886 1945 1951 velle
2015 1906 2095 1951 ac
2137 1886 2521 1953 vocabulum

257 1999 492 2078 λευκός
561 1998 916 2065 scholiasta
979 1999 1160 2065 dixit.
1264 1998 1519 2080 Λευκάς
1582 1998 1905 2081 significat
1954 1998 2081 2093 1100
2143 1998 2318 2101 1000
2351 1998 2523 2065 idem

257 2117 457 2193 atque
495 2111 561 2175 111
604 2111 807 2177 Iliade
853 2114 938 2195 (5,
983 2116 1169 2193 503),
1223 2110 1334 2177 ubi
1393 2111 1473 2176 de
1531 2110 1797 2195 pulvere
1862 2132 2103 2177 sermo
2134 2116 2295 2191 est,·
2328 2116 2525 2194 atque

257 2244 402 2289 cum
425 2224 772 2289 luctantes
823 2225 890 2288 in
934 2224 1266 2307 palaestra
1312 2223 1579 2307 pulvere
1610 2228 2021 2307 spargantur,
2067 2228 2141 2288 ut
2184 2224 2523 2302 candeant,

257 2336 444 2401 valde
488 2336 771 2419 quadrat
813 2334 1035 2401 Iliadis
1081 2337 1264 2426 locus
1311 2337 1394 2402 ad
1443 2336 1613 2409 hanc
1654 2336 2205 2419 significationem.
2295 2336 2521 2418 Neque

213 2438 220 2453 ⁸
254 2448 466 2513 minus
510 2448 726 2531 placet
768 2450 926 2513 mihi
966 2448 1178 2513 >altera
1214 2449 1581 2534 explicatio,
1629 2470 1822 2532 quam
1861 2448 2189 2532 Euripidis
2222 2448 2519 2513 Bacchae

257 2560 440 2645 (664)
485 2560 833 2644 praebent,
895 2547 1006 2626 ubi
1063 2561 1142 2642 de
1202 2562 1366 2653 pede
1429 2562 1679 2645 agitur3
1745 2582 1819 2625 eo
1879 2560 2021 2625 loco
2080 2559 2313 2639 λευκός
2350 2559 2520 2627 1(15111

255 2674 560 2758 exprimit
603 2680 801 2758 atque
859 2675 1089 2762 nudus,
1179 2675 1385 2754 Quam
1447 2674 1709 2742 ob'rem
1756 2671 1899 2739 fieri
1942 2678 2177 2757 potest,
2238 2678 2311 2738 ut
2353 2673 2521 2740 Mer-

256 2788 474 2852 curius
523 2778 918 2853 Promachus
965 2809 1110 2853 cum
1154 2787 1257 2854 1115
1304 2789 1792 2872 cognominibus
1839 2789 2285 2872 coniungatur,
2332 2808 2518 2872 prae·

255 2885 478 2965 sertim
512 2921 656 2964 cum
695 2900 873 2965 aliud
893 2901 1330 2965 testimonium
1363 2902 1655 2982 accedat,
1689 2899 1862 2985 quod
1900 2902 2095 2966 etiam
2140 2901 2319 2966 illum
2352 2899 2518 2964 Mer-

254 3013 502 3076 curium
549 3012 903 3077 scholiasta
948 3013 1669 3095 tradidit*Eretrienses
1716 3013 1799 3079 ab
1855 3013 2093 3098 oppido
2141 3012 2516 3098 reppulisse.

429 3125 514 3196 At
555 3145 792 3208 magna
838 3131 1045 3189 restat
1089 3125 1458 3206 difficultas,
1505 3127 1559 3190 si
1599 3121 1817 3192 cetera
1862 3126 2131 3192 Tzetzae
2176 3125 2377 3190 verba
2420 3146 2518 3216 ref

253 3236 579 3321 spicimus.
683 3237 918 3320 Agitur
981 3238 1146 3302 enim
1210 3236 1288 3302 de
1348 3260 1553 3323 puero
1623 3245 1687 3320 et
1747 3239 1966 3323 puella
2024 3244 2173 3304 ante
2236 3258 2517 3322 pugnam

253 3351 571 3415 mactatis,
663 3351 843 3430 Quae
887 3351 1180 3415 narratio
1227 3351 1384 3434 quid
1428 3351 1552 3416 sibi
1599 3352 1768 3432 velit,
1830 3353 2055 3437 paucis
2100 3351 2344 3416 absolvi
2391 3371 2519 3416 11011

251 3467 484 3545 potest.
562 3463 751 3528 Certe
797 3464 934 3528 veri
981 3462 1227 3546 aliquid
1273 3464 1539 3530 subesse
1587 3472 1769 3548 put0,
1827 3464 2000 3548 quod
2047 3471 2261 3529 tamen
2300 3484 2517 3529 rerum

252 3575 565 3640 memoria
609 3576 796 3642 valde
843 3583 1221 3662 corruptum
1268 3585 1383 3642 est.
1462 3578 1795 3656 Quomodo
1838 3582 2054 3642 autem
2102 3599 2206 3642 res
2250 3577 2365 3642 illa
2409 3598 2515 3642 ex·

249 3685 480 3770 plicari
524 3689 749 3771 possit,
797 3687 1014 3754 dicere
1058 3711 1325 3774 nequeo.

426 3801 918 3866 At'narratione
950 3803 1064 3868 illa
1106 3803 1410 3867 inductus
1463 3804 1602 3886 ipse
1646 3823 1772 3867 non
1821 3803 2104 3868 arbitror
2146 3802 2319 3868 illius
2350 3802 2517 3867 Mer·

252 3911 417 3974 curii
497 3913 770 3978 formam
834 3937 978 3980 cum
1050 3915 1408 3982 Promacho
1463 3915 1918 3980 conferendam
1950 3895 1960 3904 ’
1988 3936 2145 3980 esse.
2252 3915 2516 3999 Gruppe

255 4023 423 4087 enim
473 4026 749 4090 contulit
795 4027 934 4111 (Gr.
981 4027 1180 4114 Myth.
1245 4051 1306 4112 p.
1356 4029 1463 4114 72)
1506 4028 1687 4092 illum
1754 4027 2145 4092 Mercurium
2191 4050 2331 4093 cum
2395 4028 2516 4092 deo

255 4136 693 4223 ψυχοπόμπος
740 4140 850 4223 (1111
895 4141 1134 4205 dicitur
1177 4145 1242 4205 et
1284 4143 1546 4223 putavit
1591 4141 1672 4204 ad
1720 4140 1989 4205 eundem
2034 4142 2361 4225 pertinere
2402 4141 2516 4205 illa

197 4231 511 4314 'nomina
569 4251 963 4347 Poemapdri
1025 4258 1090 4316 et
1149 4253 1494 4338 Leucippi,
1565 4273 1642 4316 ex
1721 4251 1955 4334 quibus
2027 4252 2513 4336 cognominibus

247 4361 369 4441 dei,
415 4383 583 4445 quae
629 4365 688 4427 ei
734 4366 800 4427 in
854 4364 1239 4448 quibusdam
1286 4366 1519 4430 ritibus
1565 4367 1768 4430 sacris
1814 4371 2015 4445 erant,
2063 4366 2321 4429 nomina
2365 4387 2513 4450 pro-

246 4475 392 4559 pria
439 4481 598 4540 nata
624 4483 856 4542 essent.
933 4477 1396 4542 Testimonium
1443 4477 1620 4542 aliud
1662 4483 1959 4561 spectare
2002 4476 2257 4543 videtur
2288 4479 2513 4561 (schol.
