3109 5375
1468 484 1899 545 ...24-

543 654 769 720 eodem
814 652 1143 719 Calamide
1197 674 1278 717 ex
1345 672 1505 717 auro
1572 658 1639 715 et
1694 652 1895 717 ebure
1940 652 2226 737 Secyone
2284 654 2502 735 (Paus.
2556 659 2651 732 10,
2702 656 2811 737 10)

543 766 807 832 factum.
895 768 1042 846 Qua
1099 766 1169 829 in
1211 788 1282 831 re
1328 766 1623 831 Curtium
1668 764 2031 831 Pausaniae
2076 764 2277 831 verba
2314 787 2445 831 non
2491 771 2668 831 recte
2712 766 2809 830 in-

540 878 868 945 tellexisse
911 876 1104 943 facile
1149 880 1614 962 cognoscimus
1675 876 1861 942 Unde
1906 878 2200 961 sequitur
2236 878 2481 943 Bacchi
2526 882 2811 945 statuam

541 1012 672 1057 non
729 1011 870 1055 esse
917 989 1376 1055 conferendam
1423 1011 1567 1055 cum
1614 990 1901 1055 Tritonis
1942 988 2275 1056 cadavere.
2366 990 2551 1070 Quod
2612 991 2811 1055 etiam

543 1125 625 1169 ex
667 1103 748 1168 iis
791 1102 988 1169 rebus
1035 1101 1380 1186 colligitur,
1438 1123 1607 1186 quae
1654 1101 1949 1167 fabulam
1990 1102 2169 1167 illam
2214 1108 2607 1186 sequuntur3
2671 1104 2813 1188 qui-

541 1216 667 1282 bus
711 1216 844 1300 egit
888 1214 1248 1280 Pausanias
1293 1214 1372 1279 de
1425 1220 1665 1280 natura
1708 1215 2047 1280 Tritonum
2110 1219 2176 1279 et
2242 1214 2323 1279 de
2383 1214 2527 1279 aliis
2584 1215 2813 1281 bestiis

541 1326 965 1393 mirabilibus.
1056 1328 1199 1407 Qua
1240 1328 1309 1392 in
1352 1348 1425 1392 re
1469 1325 1740 1393 offendit
1778 1332 1956 1393 recte
2001 1327 2069 1393 P.
2096 1326 2375 1399 Wolters
2406 1328 2625 1414 (Arch.
2653 1329 2811 1394 Zeit.

547 1446 735 1521 1855,
771 1445 894 1507 263
919 1441 1088 1524 sqq.)
1121 1440 1317 1505 etiam
1345 1439 1598 1505 Aeliani
1626 1439 1769 1506 loco
1814 1439 2014 1505 allato
2058 1440 2166 1524 (de
2192 1445 2320 1505 nat.
2343 1440 2533 1505 anim.
2556 1446 2653 1521 13,
2674 1441 2814 1524 21):

543 1550 718 1640 λέγει
781 1554 852 1621 δὲ
923 1550 1402 1639 Δημόστρατος
1461 1553 1535 1620 ἐν
1601 1550 1825 1639 λόγοις
1887 1549 2287 1631 ἁλιευτικοῖς
2354 1552 2427 1619 ἐν
2500 1553 2815 1644 Τανάγρᾳ

541 1664 917 1734 θεάσασθαι
959 1664 1233 1753 τάριχον
1273 1669 1607 1751 Τρίτωνα·
1667 1666 1777 1733 καὶ
1823 1663 1904 1732 τὰ
1943 1666 2066 1752 μὲν
2109 1661 2272 1733 ἄλλα
2321 1656 2424 1752 ἦν,
2473 1670 2660 1752 φησί,
2703 1668 2816 1733 καὶ

542 1787 684 1859 τοῖς
723 1778 1199 1865 πλαττομένοις
1255 1775 1483 1864 ὅμοιος
1539 1779 1652 1877 καὶ
1713 1787 1853 1858 τοῖς
1913 1776 2382 1865 γραφομένοις,
2444 1777 2570 1864 τὴν
2632 1778 2703 1845 δέ
2750 1782 2819 1847 οἱ

540 1890 845 1978 κεφαλὴν
896 1888 1030 1959 ὑπὸ
1074 1890 1324 1978 χρόνου
1361 1890 1875 1977 διεφθαρμένην
1930 1886 2015 1958 οὐ
2076 1890 2295 1977 πάντῃ
2355 1899 2539 1977 σαφῆ
2598 1890 2809 1976 ἔφατο

545 2001 736 2082 εἶναι,
799 2008 865 2068 et
909 2004 1141 2069 statuit
1190 2002 1435 2068 Bacchi
1491 2008 1797 2082 statuam,
1857 2003 2067 2086 qualis
2130 2001 2195 2067 in
2257 2002 2532 2067 nummis
2597 2008 2819 2087 posset

544 2114 848 2201 conspici,
913 2135 1042 2181 non
1103 2136 1248 2181 esse
1293 2114 1662 2195 Calamidis,
1728 2114 1840 2180 sed
1908 2115 2289 2180 recentioris
2346 2115 2603 2195 aetatis,
2670 2137 2816 2181 cum

541 2229 710 2294 tales
775 2232 1033 2296 statuae
1093 2232 1244 2311 post
1285 2227 1561 2293 Phidiae
1619 2227 1876 2294 demum
1937 2233 2217 2293 aetatem
2263 2227 2417 2311 fingi
2462 2229 2817 2312 potuerint.

547 2343 755 2421 Quam
803 2340 886 2406 ob
930 2361 1067 2405 rem
1111 2344 1305 2425 putat
1349 2362 1496 2407 eum
1543 2339 1879 2419 artificem,
1944 2362 1983 2404 a
2030 2362 2159 2424 quo
2202 2361 2611 2405 nummorum
2655 2342 2818 2405 ima-

549 2453 732 2537 gines
772 2452 1330 2539 imprimebantur,
1375 2452 1603 2537 templi
1631 2452 1935 2517 Bacchici
1970 2458 2255 2517 statuam
2282 2452 2605 2518 imitatum
2644 2474 2820 2534 esse3

544 2563 894 2632 Calamidis
937 2571 1156 2631 autem
1200 2586 1342 2630 eam
1386 2586 1515 2630 non
1559 2567 1690 2629 iam
1723 2564 1945 2645 fuisse,
1989 2564 2101 2629 sed
2133 2564 2401 2630 artificis
2439 2566 2674 2630 aetatis
2718 2566 2815 2631 in-

547 2677 820 2744 ferioris.
909 2678 1264 2744 Praeterea
1327 2677 1608 2744 Wolters
1670 2676 1988 2758 affirmat,
2056 2700 2199 2743 cum
2257 2677 2582 2743 Pausania
2647 2684 2818 2744 teste

547 2791 719 2857 desit
775 2791 1062 2876 portenti
1122 2797 1338 2876 caput,
1406 2791 1653 2855 nummi
1715 2796 1934 2855 autem
1987 2790 2366 2874 praebeant,
2440 2789 2683 2857 factum
2749 2792 2817 2857 id

546 2924 688 2970 esse
749 2924 789 2968 a
850 2903 1239 2969 formarum·
1278 2903 1625 2989 scalptore,
1698 2903 2102 2987 eundemque
2161 2903 2494 2968 Tritonem
2556 2925 2817 2988 reprae-

547 3021 837 3082 sentasse
871 3018 1226 3108 excitatum
1258 3036 1468 3101 neque
1509 3017 1725 3101 capite
1758 3021 2107 3093 carentem,
2162 3037 2290 3098 quo
2322 3015 2578 3082 facilius
2613 3016 2818 3100 aspici

549 3133 771 3215 posset
812 3134 1186 3212 portentum
1231 3126 1410 3208 illud,
1458 3149 1586 3212 quo
1632 3134 1822 3194 erant
1854 3129 2009 3193 elati
2034 3129 2563 3212 Tanagraeorum
2602 3129 2819 3193 animi.

721 3241 963 3308 Contra
1005 3263 1200 3325 quam
1248 3241 1745 3326 explicationem
1782 3241 2108 3306 Woltersii
2140 3241 2445 3305 disseruit
2480 3240 2820 3306 Wernicke

550 3351 768 3438 (Arch.
821 3354 977 3418 Zeit.
1022 3356 1230 3438 1887).
1323 3354 1604 3419 Maxime
1652 3375 1728 3419 ea
1774 3355 1840 3418 in
1886 3375 1957 3420 re
2004 3352 2290 3434 offendit,
2337 3352 2509 3436 quod
2544 3353 2821 3418 Wolters

547 3470 896 3550 putaverat
955 3486 1099 3531 eam
1158 3466 1241 3531 ob
1305 3487 1570 3532 causam
1630 3467 1697 3530 in
1738 3467 2017 3531 nummis
2065 3467 2393 3532 Tritonem
2438 3466 2649 3549 capite
2694 3487 2823 3530 non

551 3583 881 3643 carentem
950 3599 1091 3644 esse
1150 3584 1743 3664 repraesentatum,
1810 3601 1891 3643 ne
1951 3579 2289 3644 obscurior
2349 3578 2537 3644 fieret
2592 3578 2821 3662 figura.

552 3691 696 3770 Qua
725 3691 793 3755 in
828 3711 900 3756 re
925 3690 1272 3756 Woltersio
1319 3691 1640 3756 assentior
1670 3690 2062 3757 Kalkmanni
2095 3691 2480 3775 (Pausanias
2511 3714 2569 3774 p.
2605 3690 2823 3774 29l30)

553 3823 810 3887 quoque
873 3808 1255 3886 argumento
1316 3825 1472 3868 usus
1534 3803 1807 3869 dicentis
1860 3803 2250 3886 scalptorem
2312 3808 2685 3886 portentum
2729 3804 2825 3867 ita

551 3920 1082 3998 repraesentasse
1130 3916 1198 3978 in
1243 3917 1537 3996 nummiS,
1588 3915 2128 4000 quemadmodum
2174 3915 2568 3999 praeberent
2611 3915 2823 3980 Trito-

551 4050 697 4094 nem
740 4027 1056 4114 imagines
1100 4033 1167 4094 et
1195 4027 1489 4094 artificia.
1566 4029 1738 4113 Ergo
1768 4029 1877 4094 ille
1922 4027 2369 4094 tantummodo
2398 4026 2577 4112 leges
2610 4033 2822 4093 certas

554 4141 910 4207 servavisse
955 4141 1312 4207 censendus
1357 4145 1472 4207 est.
2666 4137 2671 4142 ’

724 4255 906 4320 Duas
942 4254 1350 4320 narrationes
1388 4254 1654 4320 subesse
1686 4254 2047 4320 Pausaniae
2077 4257 2291 4319 verbis
2321 4274 2510 4318 nemo
2542 4252 2826 4336 negabit,

554 4387 632 4431 ac
675 4367 955 4451 primum
987 4366 1248 4452 quidem
1281 4367 1721 4432 narrationem
1767 4366 2196 4447 sacerdotum,
2239 4366 2514 4432 alterum
2545 4364 2827 4452 explica-
