3109 5375
1188 596 1697 661 --29..„.⁸

259 765 634 849 religionem
665 754 1103 851 Apollinarem
1148 768 1619 851 respiciendam
1666 788 1806 833 esse
1853 788 2102 847 censeo,
2148 791 2292 834 cum
2330 768 2518 835 deum

262 884 326 941 et
370 879 436 942 in
480 877 642 944 urbe
682 879 826 961 ipsa
871 885 937 943 et
979 880 1046 943 in
1077 878 1263 943 Delio
1314 902 1518 964 prope
1553 901 1735 944 oram
1776 882 2169 951 maritimam
2204 884 2519 946 venerati-

261 1011 380 1055 one
422 982 752 1074 prosecuti
797 990 942 1056 sint.
2634 962 2651 981 ⁶

427 1103 532 1169 De
576 1101 839 1167 Phoebo
900 1104 964 1167 in
1023 1103 1184 1167 urbe
1245 1104 1575 1169 celebrato
1622 1103 1785 1169 haec
1830 1106 2275 1171 tantummodo
2318 1106 2521 1171 verba

259 1236 298 1278 a
343 1214 668 1279 Pausania
724 1218 811 1300 (9,
862 1208 959 1294 22,
1017 1216 1079 1298 1)
1136 1215 1382 1279 tradita
1439 1221 1618 1281 sunt:
1674 1213 1784 1285 Ἐν
1840 1217 2152 1309 Τανάγρᾳ
2213 1220 2284 1286 δὲ
2342 1218 2519 1304 παρὰ

257 1324 332 1394 τὸ
381 1326 564 1426 ξερὸν
607 1336 733 1395 τοῦ
776 1327 1125 1395 Διονύσου
1174 1326 1452 1415 Θέμιδός
1502 1330 1701 1409 ἐστιν,
1748 1327 1783 1396 ὁ
1827 1331 1899 1397 δὲ
1939 1326 2347 1417 Ἀφροδίτης,
2409 1330 2518 1397 καὶ

257 1435 292 1507 ὁ
338 1444 559 1523 τρίτος
603 1450 741 1507 τῶν
783 1449 968 1507 ναῶν
1002 1437 1421 1521 Ἀπόλλωνος,
1467 1438 1640 1527 ὁμοῦ
1683 1442 1755 1509 δὲ
1802 1437 1984 1531 αὐτῷ
2028 1442 2195 1527 [καὶ]
2236 1440 2521 1529 Ἄρτεμίς

259 1575 328 1617 τε
375 1553 486 1618 καὶ
530 1552 748 1638 Λητώ.
840 1552 1064 1635 Neque
1126 1553 1271 1618 aliis
1325 1552 1502 1633 lociS,
1564 1554 1675 1619 ubi
1721 1561 2263 1621 commemoratur
2309 1554 2519 1619 cultus

255 1662 382 1743 ille,
444 1665 789 1747 quicquam
849 1665 1162 1730 traditum
1223 1672 1337 1742 est,
1397 1667 1520 1730 nisi
1583 1666 1757 1749 quod
1809 1666 2008 1732 fuisse
2054 1668 2514 1732 celeberrimus

257 1778 683 1860 cognoscitur.
755 1777 996 1843 Contra
1041 1800 1168 1861 quo
1211 1778 1357 1844 loco
1389 1779 1492 1843 dei
1521 1780 1835 1863 templum
1872 1780 2063 1844 situm
2098 1780 2313 1859 fuerit,
2359 1781 2519 1844 satis

255 1895 525 1953 constat.
595 1889 759 1954 Nam
809 1911 885 1954 ea
915 1891 994 1955 de
1029 1892 1407 1975 quaestione
1431 1892 1789 1956 Pausanias
1836 1892 1922 1974 (9,
1958 1896 2057 1970 22,
2098 1894 2163 1975 3)
2210 1891 2517 1956 nonnulla

256 2001 496 2065 attulit.
587 1982 798 2085 Atque
845 2003 970 2068 fuit
1014 2006 1208 2068 situm
1255 2005 1319 2069 in
1365 2024 1446 2069 ea
1474 2004 1739 2087 regione
1786 2024 1993 2082 sacra,
2037 2004 2103 2066 in
2138 2024 2267 2085 qua
2302 2004 2518 2067 omnia

256 2112 394 2178 fere
439 2112 595 2185 fana
639 2121 826 2180 erant
869 2116 1012 2181 sita.

430 2227 636 2293 Multo
685 2226 1026 2293 clariorem
1075 2234 1290 2294 autem
1335 2230 1502 2293 Delii
1553 2228 1868 2314 Apollinis
1912 2229 2391 2293 venerationem
2448 2229 2515 2292 in

259 2338 465 2419 Delio,
513 2341 684 2423 quod
717 2347 1004 2421 vocatur,
1051 2340 1250 2405 fuisse
1298 2348 1573 2407 constat.
1642 2342 1829 2419 Quod
1876 2342 2182 2412 sacellum
2231 2362 2311 2405 ex
2354 2342 2513 2406 Delo

250 2454 465 2517 insula
511 2453 839 2518 conditum
871 2474 1010 2519 esse
1051 2474 1091 2517 a
1120 2450 1438 2518 Strabone
1487 2457 1552 2539 (9
1602 2476 1661 2537 p.
1698 2460 1821 2520 403
1840 2452 1913 2537 C)
1958 2453 2297 2518 docemur:
2344 2451 2512 2521 Εἶτα

251 2563 510 2651 Δήλιον
568 2563 644 2633 τὸ
711 2565 894 2651 ἱερὸν
961 2574 1085 2633 τοῦ
1136 2562 1541 2646 Ἀπόλλωνος
1606 2567 1677 2633 ἐκ
1734 2564 1971 2652 Δήλου
2028 2564 2511 2652 ἀφιδρυμένον,

259 2681 699 2765 Ταναγραίων
755 2682 1099 2765 πολίχνιον
1140 2675 1429 2759 Αὐλίδος
1489 2679 1711 2766 διέχον
1775 2680 2087 2758 σταδίους
2133 2676 2508 2764 τριάκοντα.

253 2792 393 2869 Quo
441 2813 521 2856 ex
567 2790 856 2871 delubr0‚
902 2794 1103 2858 totius
1149 2814 1303 2858 orae
1350 2793 1718 2857 maritimae
1767 2793 2236 2875 antiquissimo,
2300 2791 2510 2857 cultus

250 2923 394 2968 cum
439 2904 712 2970 aliorum
753 2905 1157 2990 oppidorum,
1208 2911 1344 2970 tum
1378 2905 1828 2989 Tanagraeum
1860 2904 2179 2992 urbanum
2214 2896 2510 2990 receptos

257 3035 396 3080 esse
443 3017 578 3082 veri
625 3017 831 3082 simile
877 3023 993 3082 est.
1083 3017 1248 3082 Nam
1295 3018 1635 3101 Tanagrae
1681 3018 2063 3082 colebantur
2106 3037 2237 3080 una
2261 3016 2509 3100 Apollo,

249 3127 479 3208 Diana,
524 3129 792 3193 Latona.
856 3129 1135 3196 Eosdem
1183 3129 1338 3195 deos
1385 3131 1451 3193 in
1487 3130 1670 3194 Delio
1702 3130 2066 3195 celebratos
2100 3149 2241 3194 esse
2278 3127 2508 3192 iisdem

245 3239 380 3305 fere
424 3240 639 3306 verbis
686 3242 1042 3307 Pausanias
1088 3245 1174 3328 (9,
1213 3248 1310 3322 20,
1352 3246 1414 3326 l)
1457 3243 1763 3307 tradidit:
1793 3239 1979 3309 Ἔστι
2022 3245 2095 3310 δὲ
2141 3230 2257 3328 ἷῆς
2300 3248 2506 3310 Τανα-

243 3357 478 3440 γραίας
540 3355 645 3421 ἐπὶ
706 3355 1010 3443 θαλάσσῃ
1074 3355 1488 3442 καλούμενον
1531 3354 1819 3442 Δήλιον“
1890 3356 1961 3422 ἐν
2020 3355 2090 3422 δὲ
2155 3351 2337 3442 αὐτῷ
2396 3354 2507 3420 καὶ

242 3463 611 3553 Ἀρτέμιδος
654 3468 763 3536 καὶ
794 3473 1059 3554 Λητοῦς
1105 3468 1285 3535 ἐστὶν
1325 3464 1686 3555 ἀγάλματα.
1760 3467 1945 3546 Quod
1983 3467 2420 3532 testimonium
2453 3467 2505 3529 si

245 3579 705 3646 contulerimus
753 3602 896 3645 cum
943 3581 1054 3645 illo
1088 3579 1250 3660 1000,
1299 3581 1409 3663 qui
1440 3586 1540 3646 est
1578 3581 1658 3646 de
1693 3580 1831 3644 deis
1862 3579 2131 3645 urbanis
2162 3581 2246 3663 (9,
2283 3582 2384 3656 22,
2420 3579 2505 3661 1),

241 3691 690 3774 intellegemus
749 3692 952 3758 verba
1010 3694 1390 3758 consentire.
1493 3695 1667 3772 Quos
1735 3698 1871 3757 tres
1938 3692 2092 3756 deos
2120 3763 2125 3768 ,
2157 3711 2287 3755 una
2356 3711 2503 3757 con-

240 3805 497 3869 iunctos
567 3805 721 3870 licet
791 3805 1124 3890 appellare
1191 3805 1445 3884 Delios,
1516 3805 1757 3888 quippe
1824 3804 1934 3886 qui
2015 3803 2295 3887 primum
2358 3802 2505 3867 Deli

240 3917 652 3982 veneratione
716 3918 1038 3983 communi
1095 3918 1196 3982 usi
1251 3918 1392 3982 sint.
1495 3917 1902 4000 Ubicumque
1970 3921 2186 3980 autem
2248 3936 2376 3980 una
2434 3915 2498 3979 in

238 4028 482 4093 honore
541 4030 751 4095 habiti
808 4010 1174 4110 occurrunt,
1246 4030 1488 4095 cultum
1551 4052 1630 4094 ex
1675 4029 1837 4094 Delo
1881 4029 2093 4094 insula
2138 4028 2499 4093 derivatum

238 4162 380 4207 esse
440 4141 754 4207 affirmari
811 4149 1060 4228 potest3
1127 4145 1222 4207 ita
1280 4142 1660 4226 religionem
1720 4141 2053 4207 habebant
2098 4160 2497 4212 communem

239 4254 524 4337 Delphis,
589 4255 874 4335 Athenis,
935 4257 1002 4320 in
1046 4255 1207 4321 Ptoo
1261 4267 1495 4334 monte,
1555 4252 1732 4333 Abis‚
1795 4253 2255 4332 Halicarnassi,
2316 4251 2495 4318 Man-

232 4367 468 4448 tineae,
514 4368 738 4432 Mileti·

2076 4787 2283 4918 ‘'fl-{235
2301 4808 2393 4914 9τέ
2409 4811 2458 4911 Es
2489 4823 2520 4868 γ
2648 4824 2655 4832 .

1978 4847 2116 5151 Q
2135 4959 2183 5019 Ν
2200 4959 2211 5015 ι
2226 4957 2271 5014 v
2288 4955 2327 5012 ε
2341 4953 2389 5010 s
2403 4950 2447 5007 s
2462 4950 2472 5005 ι
2485 4947 2535 5004 τ
2549 4943 2597 5000 Υ

2114 5049 2472 5188 ·‘f.‡}jss{<{fflx
2482 5081 2537 5154 ‘1³'a
2610 5101 2613 5103 ’
