3109 5375
1500 610 1587 621 ....
1668 559 1755 637 *12
1844 608 1931 621 ..-

591 742 855 811 subesse
879 742 1144 827 Gruppe
1169 748 1252 827 (p.
1283 746 1388 827 73)
1435 750 1501 809 et
1528 724 2047 808 de'Wilamowitz
2078 742 2377 827 (Hermes
2400 749 2500 822 21,
2530 749 2649 809 105
2672 744 2854 827 sqq..)

585 856 1026 921 arbitrantur:
1069 856 1220 920 inde
1265 878 1304 921 a
1349 856 1609 921 saeculo
1660 856 2007 921 VII.·vires
2053 857 2387 921 civitatum
2433 856 2737 921 Eretriae
2782 861 2854 921 et

590 968 916 1036 Chalcidis
959 969 1146 1033 valde
1207 985 1395 1033 erant
1453 968 1809 1033 diminutae
1854 968 2660 1059 propter-aemulationem
2707 968 2853 1033 illa-

588 1106 732 1151 rum
792 1082 1068 1157 urbium,
1125 1102 1292 1164 quae
1350 1102 1651 1163 magnam
1698 1080 2007 1145 Boeotiae
2064 1086 2319 1165 partem
2364 1078 2637 1146 dicionis
2690 1102 2850 1145 suae

589 1196 894 1269 fecerant.
985 1193 1180 1259 Cuius
1246 1192 1697 1259 aemulationis
1759 1194 2073 1258 memoria
2134 1198 2432 1265 servatur
2475 1194 2852 1259 narratione

587 1308 743 1374 belli
790 1306 1102 1383 Lelantii,
1147 1326 1274 1388 quo
1333 1305 1483 1384 illae
1541 1306 1747 1375 urbes,
1784 1306 2147 1374 maritimae
2192 1326 2413 1371 omnes
2459 1306 2850 1371 continentis

587 1427 804 1485 terrae
867 1417 1150 1483 colonias
1212 1418 1585 1483 amiserunt.
1690 1422 1999 1483 Attamen
2074 1401 2237 1483 sitne
2316 1418 2471 1483 huic
2535 1417 2707 1483 bello
2774 1440 2849 1483 re

587 1554 742 1598 vera
783 1522 1174 1597 narrationis
1221 1532 1402 1613 origo
1446 1530 1796 1596 tribuenda
1842 1552 1923 1596 an
1966 1532 2027 1596 vi
2065 1531 2406 1597 Promachi
2441 1530 2653 1596 cultus
2699 1552 2851 1596 con-

585 1646 844 1710 iunctus
903 1644 988 1708 sit
1047 1663 1191 1707 cum
1251 1641 1421 1708 bello
1468 1644 1746 1721 omnin0,
1806 1642 2162 1710 dubitatur.
2252 1642 2509 1709 Gilbert
2554 1644 2724 1709 enim
2769 1666 2851 1708 ex

583 1758 780 1825 rebus
819 1738 1236 1822 'naturalibus
1279 1778 1512 1822 nomen
1560 1741 2015 1841 explicandum
2063 1778 2203 1821 esse
2248 1757 2515 1822 censuit.
2608 1756 2853 1844 Contra

588 1869 885 1939 Welcker
929 1869 1067 1953 (Gr.
1113 1869 1382 1934 Gotterl.
1425 1873 1483 1947 2,
1532 1870 1687 1952 451)
1748 1890 1828 1933 ex
1884 1869 2008 1933 hoc
2052 1868 2222 1934 bello
2270 1868 2645 1951 religionem
2693 1867 2851 1932 Pro-

585 1982 797 2047 machi
860 1982 1184 2077 Mercurii.
1225 1987 1485 2048 enatam
1543 2003 1686 2046 esse
1744 1981 2031 2064 putavit3
2108 1980 2221 2046 sed
2280 1980 2405 2046 hoc
2460 1982 2651 2045 modo
2712 2001 2853 2047 rem

582 2096 1052 2179 interpretatus
1097 2100 1212 2160 est.
1303 2095 1623 2161 Memores
1666 2096 1837 2159 enim
1882 2094 2073 2159 huius
2133 2092 2290 2159 belli
2328 2094 2691 2177 Tanagraei
2752 2095 2851 2158 in-

585 2209 940 2273 stituerunt
996 2206 1174 2271 illam
1237 2207 1340 2273 dei
1399 2208 1899 2285 venerationem,
1956 2211 2030 2271 ut
2093 2195 2540 2271 adulescentes
2596 2206 2680 2271 ad
2726 2208 2851 2271 vir-

585 2325 790 2385 tutem
851 2320 1295 2385 incitarentur.
1400 2320 1521 2399 Qui
1584 2319 1797 2384 cultus
1857 2340 1980 2383 non
2042 2319 2166 2383 nisi
2217 2318 2428 2383 forma
2486 2318 2719 2383 differt·
2764 2318 2849 2383 ab

587 2433 765 2497 cultu
809 2431 1117 2497 Mercurii
1177 2431 1538 2518 ἐναγώνιος
1600 2433 1709 2514 qui
1774 2432 2028 2497 dicitur.
2119 2431 2305 2511 Quod
2364 2432 2416 2496 si
2466 2436 2849 2511 statuamuS,

584 2544 692 2609 ille
715 2544 1076 2611 Mercurius
1107 2544 1473 2609 celebratus
1513 2546 1597 2609 sit
1632 2550 1712 2609 ut
1742 2544 2077 2633 πρόμαχος
2110 2544 2383 2631 ἐφήβων
2428 2549 2542 2609 aut
2576 2546 2850 2609 antistes

587 2656 918 2743 gymnasii.
1010 2656 1195 2738 Quod
1240 2658 1375 2724 veri
1421 2662 1520 2722 est
1566 2657 1979 2736 simillimum,
2024 2679 2169 2722 cum
2216 2656 2359 2723 aliis
2400 2678 2657 2741 quoque
2690 2657 2849 2722 locis

585 2771 956 2855 palaestrae
1019 2776 1085 2835 et
1151 2771 1485 2855 gymnasia
1549 2771 1631 2835 ab
1713 2791 1787 2834 eo
1858 2770 2159 2834 instituta
2240 2792 2381 2836 esse
2448 2770 2850 2850 dicerentur-3

588 2885 770 2949 cuius
821 2882 1214 2965 imaginibus
1258 2887 1324 2948 et
1369 2883 1855 2966 epigrammatis
1900 2884 2234 2967 gymnasia
2278 2889 2465 2948 erant
2508 2888 2741 2947 ornata
2786 2888 2852 2946 et
2878 2962 2900 2982 s

587 2996 808 3061 multis
837 2997 903 3060 in
936 2995 1208 3061 urbibus
1248 2997 1604 3063 certamina
1632 3017 1980 3079 puerorum
2023 3002 2089 3059 et
2125 2994 2636 3060 adulescentium
2667 2995 2849 3058 festis

588 3109 691 3174 dei
769 3107 1274 3173 celebrabantur
1361 3108 1467 3193 (cf.
1527 3109 1745 3192 Synes,
1795 3129 1891 3191 ep.
1948 3111 2061 3188 313
2133 3107 2259 3174 Cic.
2303 3108 2404 3171 ad.
2451 3109 2579 3171 Att.
2634 3111 2686 3185 1,
2739 3113 2849 3186 103

588 3221 815 3286 Horat.
863 3243 1054 3286 carm.
1113 3227 1162 3302 1,
1201 3224 1324 3304 10).
1418 3221 1613 3286 Cuius
1656 3221 1721 3283 in
1771 3222 1870 3284 (lei
1918 3220 2159 3303 templo
2207 3219 2695 3284 monstrabatur
2738 3219 2851 3282 illa

588 3333 862 3400 arbutus
924 3332 1047 3397 nisi
1117 3333 1288 3415 quod
1356 3332 1805 3398 tantummodo
1883 3332 2195 3414 reliquiae
2272 3337 2675 3416 supererant.
2767 3335 2850 3395 At

589 3446 831 3510 erravit
889 3445 1187 3511 Gerhard
1247 3445 1474 3530 (Myth.
1523 3448 1556 3529 ἕ
1604 3449 1748 3524 271,
1794 3446 1895 3527 3¹⁰)
1958 3467 2101 3509 cum
2160 3444 2477 3509 scriberet
2534 3445 2726 3508 deum
2785 3444 2851 3507 in

587 3558 854 3643 Cerycio
898 3565 1115 3622 monte
1161 3564 1386 3623 natum
1431 3562 1498 3622 et
1536 3557 1773 3622 arbuto
1818 3556 1933 3621 illa
1975 3563 2222 3622 tectum
2266 3577 2423 3622 esse.

761 3670 888 3735 Sed
931 3671 1194 3736 tertium
1227 3676 1574 3756 praeterea
1622 3675 1687 3734 et
1732 3677 2038 3752 quartum
2083 3691 2313 3734 nomen
2360 3670 2481 3733 deo
2513 3669 2852 3752 Tanagrae

589 3783 786 3848 fuisse
831 3783 1147 3865 traditur;
1215 3803 1607 3866 quamquam
1654 3782 1919 3846 concedi
1979 3803 2169 3866 posse
2228 3804 2353 3846 non
2426 3782 2681 3846 videtur
2739 3781 2853 3844 illa

587 3895 850 3962 nomina
897 3897 1262 3979 significare
1305 3916 1505 3959 novas
1551 3895 1915 3977 religiones.
1990 3895 2111 3972 Qui
2154 3894 2335 3960 locus
2385 3915 2459 3958 eo
2504 3893 2851 3976 pertineat,

585 4010 716 4074 iam
754 4009 1280 4090 commemoravi3
1315 4007 1565 4072 scilicet
1595 4007 1865 4070 Tzetzae
1888 4007 2131 4092 (adnot.
2172 4006 2255 4070 ad
2286 4007 2432 4092 Lyc.
2466 4007 2645 4072 Alex.
2681 4007 2853 4088 680),

589 4121 703 4187 ubi
749 4120 1032 4207 φαιδρὸς
1075 4111 1207 4187 s'ive
1252 4119 1485 4200 λευκός
1530 4118 1917 4204 appellatur.

764 4234 890 4299 Sed
928 4257 1072 4301 cum
1117 4255 1328 4317 neque
1371 4234 1731 4298 Pausanias
1789 4253 1909 4296 nec
1976 4232 2318 4314 quisquam
2366 4231 2531 4296 alius
2577 4231 2854 4314 scriptor

587 4348 844 4416 illarum
906 4348 1010 4412 dei
1070 4346 1427 4410 formarum
1487 4366 1607 4408 nec
1663 4345 1833 4408 sacri
1880 4344 2213 4408 cuiusdam
2255 4344 2644 4408 mentionem
2687 4342 2853 4407 fece-

591 4462 757 4542 rint,
826 4461 1088 4528 Tzetzes
1147 4464 1362 4526 autem
1423 4463 1693 4543 propter
1750 4457 1921 4522 idem
1966 4455 2209 4522 factum
2255 4456 2447 4521 deum
2482 4457 2577 4519 ita
2622 4475 2852 4538 cogno-
