3109 5375
1187 622 1271 634 ....
1359 590 1439 653 25
1529 624 1615 635 -

260 759 500 823 tionem
538 754 887 830 Euhemeri
930 759 1183 825 ratione
1226 762 1464 823 natam.
1560 760 1862 823 Attamen
1908 760 2170 824 minime
2217 759 2538 823 assentior

260 870 625 937 Wernickio
681 872 1133 937 lustrationem
1191 872 1452 957 putanti
1513 872 1901 936 feminarum
1963 892 2104 935 esse
2172 870 2395 935 fictam
2458 892 2537 936 ex

172 992 180 1000 '
260 983 578 1049 sacrificio
641 985 708 1049 in
763 984 955 1049 litore
1017 983 1192 1049 facto
1251 986 1340 1069 (p.
1394 983 1728 1070 1161117).
1804 983 1963 1048 Mihi
2010 981 2291 1065 quidem,
2342 983 2539 1081 sicuti

257 1097 388 1162 iam
449 1096 902 1176 demonstravi,
965 1096 1350 1161 feminarum
1412 1094 1717 1161 lustratio
1770 1096 2072 1161 instituta
2118 1100 2270 1160 ante
2314 1096 2535 1160 Liberi

259 1210 444 1292 orgia
504 1208 766 1273 fabulae
825 1229 979 1293 pars
1030 1209 1359 1291 antiquior
1403 1228 1544 1273 esse
1592 1207 1864 1288 videtur,
1927 1212 2146 1273 cetera
2189 1229 2316 1273 non
2361 1208 2535 1273 item.

259 1320 485 1404 Neque
543 1322 710 1386 enim
771 1320 928 1404 fingi
985 1322 1200 1405 potuit
1253 1320 1639 1386 feminarum
1683 1317 2003 1385 lustratio.
2095 1322 2237 1399 Qua
2280 1320 2537 1385 demum

260 1455 330 1499 re
375 1454 532 1499 vera
580 1435 735 1498 nixa
765 1433 1050 1507 Tritonis
1081 1440 1148 1497 et
1179 1432 1420 1497 Bacchi
1467 1430 1695 1499 fabula
1742 1434 1959 1507 enasci
2000 1433 2232 1517 potuit.
2310 1432 2536 1516 Neque
2632 1492 2639 1503 .

260 1548 428 1612 enim
463 1547 807 1629 quisquam
841 1546 1260 1629 Tanagraeus
1303 1544 1655 1629 ignorabat
1696 1544 1999 1610 instituta
2039 1564 2262 1626 sacra3
2309 1550 2537 1611 contra

258 1656 522 1725 fabulae
579 1658 733 1723 illae
795 1658 1081 1739 deorum,
1145 1678 1422 1740 quarum
1480 1657 1763 1740 origines
1826 1678 1907 1721 ex
1961 1658 2278 1723 institutis
2332 1659 2538 1723 sacris

260 1771 685 1851 ducebantur,
753 1771 930 1837 varie
988 1771 1284 1835 enarrari
1346 1774 1717 1854 potuerunt.
1806 1770 1902 1834 Ac
1952 1791 2035 1835 ne
2080 1769 2213 1835 alia
2256 1770 2536 1853 quidem,

260 1887 428 1967 quae
473 1884 816 1949 Wernicke
861 1883 1154 1968 protulit,
1197 1882 1468 1967 probari
1511 1903 1702 1967 posse
1749 1882 2053 1963 arbitror,
2100 1904 2246 1948 cum
2282 1884 2385 1971 ,vir
2426 1882 2536 1971 ille

259 1996 670 2062 doctissimus
715 1996 1067 2062 traditione
1101 1996 1381 2081 genuina
1411 1995 1710 2080 neglecta
1750 2016 1831 2061 ex
1870 1994 2164 2075 arbitri0,
2214 1995 2536 2080 quomodo

257 2108 484 2174 fabula
547 2114 706 2175 nata
765 2116 954 2190 esset,
1017 2109 1500 2192 excogitaverit.
1591 2110 1677 2173 At
1720 2129 1834 2173 cur
1878 2128 2006 2173 non
2051 2108 2325 2174 tradidit
2367 2109 2535 2174 Pau-

260 2222 478 2287 sanias
549 2242 739 2287 sacra
804 2222 872 2287 in
935 2221 1128 2287 litore
1203 2220 1380 2286 facta
1449 2242 1591 2287 esse
1630 2242 1697 2285 .a
1764 2221 2029 2287 Tritone
2099 2221 2534 2306 perturbata?

261 2334 489 2417 Neque
531 2335 699 2399 enim
746 2356 825 2399 ea
869 2356 941 2399 re
986 2334 1230 2399 Bacchi
1271 2338 1338 2399 et
1366 2334 1652 2399 Tritonis
1696 2332 1924 2400 fabula
1960 2334 2117 2400 ficta
2162 2339 2335 2399 esset
2378 2333 2536 2399 alia:

257 2448 472 2527 immo,
535 2447 735 2512 multo
799 2446 1152 2531 simplicior
1212 2445 1438 2511 fabula
1497 2452 1669 2511 esset
1711 2445 1905 2511 facta.
1967 2484 2052 2494 -—-
2112 2445 2339 2530 Neque
2383 2466 2536 2511 vero

260 2560 432 2624 hunc
476 2559 542 2623 in
587 2538 1284 2625 modum’Pausaniam
1331 2560 1659 2643 corrigere
1701 2559 1871 2625 licet.
1949 2558 2314 2625 Secundum
2359 2560 2535 2624 Wer-

258 2670 458 2737 nickii
492 2672 879 2738 sententiam
925 2673 1029 2752 „in
1073 2672 1262 2739 litore
1307 2694 1496 2738 sacra
1537 2671 1705 2738 fiunt
1753 2671 1872 2738 deo
1918 2672 2187 2752 marin0‚
2233 2670 2533 2757 Neptuno

259 2789 376 2850 aut
445 2786 583 2851 eius
646 2784 780 2851 filio
845 2786 1112 2852 Tritoni.
1219 2785 1335 2851 Cui
1404 2785 1524 2851 deo
1588 2783 1977 2874 celebrando
2035 2764 2319 2852 occurrit
2375 2785 2533 2851 deus

260 2919 484 2977 novus,
547 2896 719 2962 dona
777 2897 1146 2963 hominibus
1207 2903 1480 2984 accepta
1536 2897 1809 2964 laturus.
1902 2900 2041 2978 Quo
2094 2898 2270 2963 facto
2315 2919 2535 2964 omues

261 3009 556 3092 neglecto
597 3009 717 3074 deo
749 3009 1068 3075 veteriore
1099 3011 1526 3079 recentiorem
1557 3010 1908 3076 celebrant.
1955 3011 2058 3076 Ita
2087 3032 2207 3096 pro
2231 3010 2533 3096 Neptuno

263 3121 347 3186 ab
394 3120 507 3190 illa
553 3127 770 3186 aetate
815 3121 1011 3187 Liber
1059 3122 1324 3204 colitur3
1371 3143 1581 3206 neque
1629 3123 1760 3188 iam
1808 3144 1998 3188 sacra
2024 3125 2190 3190 fiunt
2222 3125 2289 3188 in
2324 3123 2534 3200 litore,

262 3234 377 3299 sed
439 3235 505 3299 in
570 3233 751 3314 urbe,
813 3234 926 3299 ubi
972 3234 1214 3299 Bacchi
1272 3235 1584 3320 templum
1640 3235 2077 3302 aedificatur“.
2169 3237 2311 3316 Qua
2353 3235 2421 3300 in
2465 3257 2537 3300 re

260 3347 449 3412 valde
486 3347 687 3411 miror
717 3347 1157 3412 narrationem
1195 3353 1537 3431 tantopere
1567 3370 1761 3432 posse
1799 3348 2086 3416 converti
2128 3370 2207 3414 ex
2241 3348 2532 3415 arbitrio,

260 3458 439 3524 Nihil
495 3458 808 3524 traditum
857 3464 957 3524 est
1003 3460 1081 3524 de
1133 3461 1338 3525 sacris
1383 3461 1447 3524 in
1494 3461 1688 3525 litore
1730 3461 1941 3540 facti8‚
2010 3459 2124 3526 sed
2171 3460 2250 3526 de
2293 3461 2534 3526 lustra-

260 3572 438 3636 tione
500 3571 715 3654 agitur
776 3593 948 3654 aqua
1008 3573 1262 3637 marina
1319 3578 1581 3654 curata3
1647 3593 1843 3656 porro
1903 3595 2033 3638 non
2078 3578 2177 3638 est
2220 3573 2535 3639 traditum

263 3685 506 3750 cultum
577 3705 658 3748 ex
718 3683 909 3748 litore
973 3685 1040 3749 in
1103 3686 1330 3750 urbem
1405 3685 1796 3750 translatum
1866 3707 2021 3752 esse.
2132 3686 2535 3770 Quicumque

259 3795 466 3881 probe
511 3797 690 3861 novit
741 3797 982 3861 cultum
1018 3797 1429 3878 Bacchicum‚
1475 3796 1639 3862 illud
1682 3799 2121 3864 testimonium
2164 3798 2244 3864 de
2280 3798 2534 3864 feminis

259 3908 616 3974 lustrandis
661 3907 923 3974 fabulae
968 3916 1225 3994 partem
1270 3902 1613 3992 genuinam
1662 3932 1802 3976 esse
1846 3931 1974 3975 non
2027 3910 2374 3992 ignorabit,
2417 3931 2537 3976 nec

262 4025 363 4086 est
383 4042 597 4101 causa,
625 4041 741 4087 cur
768 4042 848 4087 ex
867 4022 1140 4088 arbitrio
1165 4023 1534 4087 testimonia
1556 4028 1782 4088 vetera
1801 4027 2141 4088 mutemus,
2184 4023 2537 4088 Praeterea

261 4156 406 4198 eam
451 4136 897 4218 quaestionem
942 4135 1180 4220 Rappii
1229 4140 1295 4200 et
1323 4135 1652 4218 Wenigeri
1693 4135 1930 4202 libellis
1973 4136 2105 4200 iam
2152 4156 2533 4201 commemo-

259 4246 425 4312 ratis
463 4246 831 4331 expeditam
859 4269 997 4314 esse
1034 4253 1212 4332 puto,
1283 4247 1580 4339 Sedaliis
1601 4269 1857 4332 quoque
1881 4248 1947 4313 in
1970 4247 2166 4313 rebus
2193 4248 2537 4314 Wernicke

262 4359 523 4439 erravit,
570 4380 714 4425 cum
753 4360 1067 4426 scriberet
1098 4361 1514 4445 Tanagraeas
1549 4360 1719 4424 diem
1752 4361 1989 4426 festum
2028 4361 2236 4444 egisse
2268 4363 2353 4445 (p.
2385 4362 2533 4446 116)

261 4471 650 4539 Bacchicum
685 4478 750 4538 et
785 4473 1159 4541 sacerdotes
1194 4474 1609 4562 Tanagraeos
1648 4472 2002 4542 Bacchicos
2031 4475 2116 4564 (p.
2147 4474 2293 4558 117)
2323 4474 2533 4564 primo
