3109 5375
1542 560 1925 625 ..1-4...

601 726 834 799 babuit
851 728 1222 817 Parasopia.
1267 731 1430 815 Nam
1463 731 1546 795 'ea
1568 730 1731 809 loca,
1756 750 1923 813 quae
1949 728 2335 815 spectabant
2365 730 2448 795 ad
2478 727 2861 814 septentrio-

599 867 736 925 neS,
781 844 964 911 brevi
1008 844 1272 910 Aeolum
1322 848 1473 908 sunt
1515 842 1725 923 facta3
1782 847 2009 907 contra
2054 862 2135 907 ea
2176 843 2355 925 regio
2400 842 2861 921 meridionalia

601 979 770 1041 quae
815 958 944 1021 sita
981 961 1125 1041 erat
1177 956 1417 1021 circum
1456 954 1855 1045 ‚Eleutheras
1901 960 1968 1019 et
2008 953 2359 1033 Melaenas,
2413 954 2652 1020 finibus
2694 955 2865 1019 Atti-

603 1091 820 1136 corum
857 1068 1090 1136 Graios
1119 1068 1520 1152 propinquos
1563 1066 2009 1131 adiuvantium
2038 1063 2348 1133 adiuncta
2380 1072 2494 1131 est.
2555 1067 2863 1133 Plataeae

537 1214 544 1222 ·
603 1182 878 1265 denique
926 1185 992 1245 et
1037 1180 1292 1265 Oropus
1342 1164 1701 1247 Atticorum
1750 1178 1991 1243 auxilio
2042 1179 2291 1244 liberae
2347 1186 2861 1265 permanserunt.

602 1295 808 1373 Quam
867 1292 953 1357 ob
1013 1312 1150 1357 rem
1213 1292 1342 1357 non
1391 1274 1492 1357 est
1533 1292 1789 1371 mirum,
1848 1291 2021 1375 quod
2079 1290 2229 1357 inde
2284 1290 2368 1357 ab
2412 1292 2525 1357 illo
2570 1296 2861 1376 tempore

599 1406 1016 1471 Plataeenses
1076 1404 1160 1470 ab
1219 1403 1745 1471 Atheniensium
1762 1403 2063 1489 partibus
2122 1404 2505 1490 plerumque
2576 1404 2860 1470 stabant.

600 1518 856 1603 Oropus
921 1521 1137 1583 autem
1193 1516 1410 1581 varios
1463 1536 1777 1601 perpessa
1824 1522 1923 1583 est
1968 1536 2175 1597 casus,
2240 1538 2382 1583 cum
2442 1516 2635 1631 modo
2690 1521 2863 1583 'esset

597 1631 823 1711 libera,
868 1630 1058 1695 modo
1100 1628 1509 1709 Boeotorum,
1555 1628 1746 1695 modo
1793 1630 2298 1697 Atheniensium.

770 1744 1012 1809 Contra
1055 1742 1234 1821 Grai,
1294 1742 1404 1826 qui
1460 1740 1776 1807 tenebant
1818 1742 2205 1825 Tanagram,
2259 1738 2500 1810 Aeoliis
2544 1746 2861 1827 perpetuo

588 1857 903 1928 ,resistere
968 1876 1094 1919 non
1159 1860 1530 1939 potuerunt.
1619 1856 1760 1934 Quo
1827 1854 2072 1919 factum
2141 1860 2260 1935 est,
2322 1860 2399 1920 ut
2458 1854 2624 1927 urbs-
2674 1854 2864 1920 fieret

597 1968 880 2036 Aeolica.
966 1949 1104 2033 Iam
1150 1967 1467 2033 Corinnae
1510 1972 1823 2051 tempore,
1882 1972 1958 2031 ut
2018 1966 2099 2032 ex
2156 1966 2331 2032 illius
2382 1967 2675 2051 poetriae
2721 1987 2863 2032 car-

597 2082 876 2147 minibus
922 2064 1247 2160 discimuS,
1305 2078 1466 2153 urbs
1516 2100 1787 2166 prorsus
1827 2078 1955 2145 fuit
1994 2078 2324 2152 Boeotica.
2413 2078 2581 2145 Nam
2624 2078 2861 2144 finibus

598 2213 830 2258 nomen
875 2199 977 2258 est
1020 2192 1242 2258 datum
1293 2190 1621 2272 Boeotiae,
1666 2190 1895 2259 incolis
1943 2192 2181 2257 Aeoliis
2214 2192 2636 2269 Boeotorum.
2736 2278 2741 2287 α

771 2305 897 2370 Sed
960 2324 1100 2369 cum
1165 2304 1469 2390 Aeoles1)
1530 2305 1899 2369 obtinerent
1962 2304 2209 2383 urbem,
2280 2316 2407 2371 non
2466 2310 2568 2369 est
2626 2305 2859 2369 mirum

597 2418 758 2483 alios
803 2417 958 2482 deos
1002 2418 1067 2482 in
1113 2417 1274 2483 urbe
1320 2437 1462 2482 esse
1509 2416 1893 2482 celebratos,
1986 2416 2161 2489 Deus
2204 2417 2463 2482 illorum
2508 2417 2858 2502 peculiaris

596 2529 723 2595 fuit
790 2528 1167 2597 Mercurius.
1269 2529 1496 2613 Neque
1573 2549 1726 2595 vero
1804 2528 2012 2595 defuit
2074 2528 2413 2613 Neptunus
2434 2529 2521 2615 Β),
2593 2528 2858 2595 Aeolum

592 2642 752 2708 deus
796 2642 986 2727 longe
1031 2642 1486 2729 amplissimus.
1564 2642 1915 2708 Praeterea
1960 2642 2206 2710 alienos
2251 2649 2641 2728 receperunt
2684 2642 2857 2723 (1606,

591 2761 666 2821 ut
725 2756 1106 2841 Apollinem,
1172 2750 1466 2836 Dianam,
1528 2756 1848 2822 Latonam
1912 2754 1996 2820 ab
2054 2754 2339 2837 Ionibus,
2407 2756 2783 2821 Narcissum
2804 2755 2859 2839 3)

595 2875 662 2934 et
705 2867 1009 2933 Orionem
1055 2867 1138 2933 ab
1185 2867 1486 2934 Euboeis.
1572 2868 1773 2933 Orion
1824 2869 2149 2934 enimvero
2197 2869 2576 2940 coniunctus
2639 2873 2739 2934 est
2790 2868 2858 2932 in

589 2981 828 3046 fabulis
887 2981 1284 3064 Tanagraeis
1350 3003 1494 3046 cum
1555 2979 1817 3046 Baccho
1887 2987 1955 3046 et
2008 2980 2401 3046 Peliadibus.
2505 2981 2559 3044 E
2622 2980 2858 3066 quibus

590 3093 800 3171 Maea,
863 3093 1172 3158 Mercurii
1215 3098 1443 3173 mater,
1510 3114 1760 3160 summo
1830 3094 1897 3158 in
1965 3091 2212 3159 honore
2276 3091 2649 3158 habebatur
2712 3113 2855 3159 cum

588 3211 777 3292 patre
825 3205 1106 3271 Atlante.
1195 3203 1439 3270 Bacchi
1501 3212 1721 3272 autem
1783 3206 1995 3272 cultus
2041 3227 2167 3271 non
2214 3206 2352 3271 sine
2399 3204 2763 3271 Thracibus
2778 3191 2857 3289 4),

591 3319 702 3401 qui
746 3316 1140 3384 habitabant
1183 3318 1357 3401 apud
1392 3318 1769 3384 Heliconem
1815 3324 2126 3400 montem,
2169 3318 2425 3384 videtur
2452 3324 2857 3404 propagatus

589 3451 749 3510 esse,
811 3431 1050 3516 quippe
1109 3432 1221 3516 qui
1284 3431 1650 3515 peculiares
1717 3431 2037 3497 coluerint
2100 3430 2430 3496 Bacchum
2494 3436 2559 3496 et
2616 3431 2855 3510 MusaS,

590 3564 757 3626 quae
816 3543 1085 3607 numina
1145 3544 1341 3608 etiam
1397 3543 1464 3609 in
1523 3542 1765 3608 fabulis
1821 3543 2014 3608 huius
2071 3543 2253 3608 urbis
2300 3544 2643 3608 coniuncta
2688 3548 2854 3608 sunt.

588 3655 887 3720 Ceterum
934 3655 1128 3750 heros
1171 3654 1300 3734 ille,
1345 3675 1536 3738 quem
1585 3671 1745 3739 prae
1778 3655 2010 3722 ceteris
2042 3655 2343 3739 gentibus
2375 3653 2857 3762 venerabantur

586 3768 836 3848 AeoleS,
881 3743 1167 3832 Achilles
1209 3789 1338 3832 non
1380 3772 1481 3832 est
1524 3769 1877 3851 neglectus.

760 3882 810 3944 A
880 3877 1177 3945 Pseudo·
1193 3880 1628 3944 Dicaearcho
1664 3879 2027 3962 Tanagraei
2108 3881 2390 3946 omnium
2454 3880 2853 3946 Graecorum

588 3998 866 4082 maxime
902 3992 994 4076 pii
1037 3991 1235 4058 fuisse
1266 3991 1617 4057 traduntur
1655 3999 1719 4058 et
1752 3992 2109 4058 Pausanias
2140 4014 2283 4058 eam
2323 3993 2726 4075 potissimum
2770 3991 2852 4056 ob

759 4218 810 4284 1)
847 4215 1098 4284 Mueller,
1136 4214 1300 4271 Orch.
1339 4234 1394 4286 p.
1430 4218 1529 4271 391
1550 4234 1669 4285 sqq.

756 4306 812 4372 2)
849 4301 1078 4356 Pausan.
1115 4307 1162 4372 9,
1200 4305 1282 4371 20,
1323 4306 1383 4371 1;
1431 4301 1662 4376 Gilbert,
1700 4301 1936 4357 Gotterl.
1973 4322 2026 4372 p.
2064 4305 2163 4358 451
2206 4303 2329 4357 adn.
2367 4306 2414 4358 2.

756 4392 812 4457 3)
851 4388 1048 4443 Strabo
1088 4392 1120 4443 9
1157 4407 1211 4459 p.
1237 4389 1428 4459 40403
1473 4389 1717 4444 Hoefer.
1758 4389 2026 4458 Roscher,
2064 4389 2245 4460 Myth.
2283 4390 2419 4444 Lex.
2455 4389 2768 4484 Narkissos

753 4478 812 4546 4)
849 4475 1099 4544 Mueller,
1137 4474 1305 4530 Orch.
1343 4494 1396 4545 p.
1436 4476 1698 4546 37913913
1736 4476 1953 4545 Rohde,
1991 4477 2207 4547 Psyche
2244 4479 2292 4545 2,
2330 4480 2363 4529 8
2400 4478 2522 4531 adn.
