3109 5375
1205 602 1592 661 -9-

267 768 609 833 discimus:
669 774 950 855 χαλκοῦς
995 766 1372 854 καθήμενός
1416 750 1597 835 ἐστιν
1631 766 1893 854 Ἑρμῆς,
1936 766 2303 855 παρέστηκε
2348 768 2422 836 δὲ
2468 770 2535 835 οἱ

266 879 482 963 κριός,
543 876 646 949 ὅτι
685 877 926 967 Ἑρμῆς
981 878 1262 967 μα’λιστα
1317 884 1506 948 δοκεῖ
1562 889 1748 949 θεῶν
1818 881 2075 966 ἐφορᾶν
2134 882 2245 949 καὶ
2304 877 2533 963 αὔξειν
2580 928 2585 937 1

267 996 552 1079 ποίμνας
572 975 590 1056 ,ἱ
608 1042 621 1056 .
643 1042 680 1074 .,
723 990 847 1060 τὸν
887 995 958 1061 δὲ
993 993 1067 1060 ἐν
1092 999 1320 1081 τελετῇ
1340 990 1623 1079 Μητρὸς
1653 992 1760 1061 ἐπὶ
1792 990 2000 1082 Ἑρμῇ
2030 992 2393 1081 λεγόμενον
2422 995 2534 1061 καὶ

265 1112 360 1193 τῷ
418 1113 584 1194 κριῷ
641 1103 847 1190 λόγον
891 1102 1319 1190 ἐπιστάμενος
1363 1100 1446 1172 οὐ
1489 1104 1677 1190 λέγω.
1766 1092 2183 1189 Quapropter
2228 1106 2423 1171 etiam
2467 1106 2533 1169 in

269 1216 613 1293 Camassio
659 1216 827 1295 luc0,
879 1216 990 1300 qui
1035 1217 1197 1289 situs
1243 1220 1388 1281 erat
1430 1216 1496 1281 in
1544 1215 1883 1281 Andaniae
1926 1216 2165 1301 finibus
2211 1217 2427 1299 (Paus.
2476 1223 2535 1295 4,

270 1333 370 1408 33,
416 1331 484 1414 4)
547 1328 908 1393 Mercurius
961 1308 1356 1413 Criophorus
1419 1348 1551 1394 una
1614 1350 1760 1394 cum
1822 1327 2114 1413 Apolline
2158 1329 2405 1394 Garneo
2470 1330 2537 1393 in

267 1440 513 1505 honore
557 1440 958 1506 habebatur:
1009 1449 1196 1509 θεῶν
1239 1441 1310 1509 δὲ
1356 1436 1702 1527 ἀγάλματα
1733 1437 2131 1522 Ἀπόλλωνός
2173 1438 2313 1513 ἐστι
2359 1448 2533 1527 Καρ-

267 1558 456 1622 νείου
501 1554 611 1621 καὶ
643 1552 886 1640 Ἑρμῆς
931 1553 1161 1640 φέρων
1204 1549 1416 1639 κριόν.
1575 1538 1585 1543 ἱ

441 1666 614 1749 Ergo
672 1666 948 1731 vidimus
1008 1663 1400 1744 Mercurium
1460 1665 1574 1730 illo
1628 1664 1774 1731 loco
1859 1665 2249 1750 participem
2310 1666 2538 1731 matris

270 1778 536 1845 deorum
600 1777 1086 1864 mysteriorum,
1153 1776 1278 1842 hoc
1335 1777 1478 1842 loco
1551 1778 1963 1843 coniunctum
2028 1799 2175 1843 cum
2244 1778 2587 1862 Apolline-

271 1891 536 1959 Carneo.
583 1890 870 1969 Accedit,
901 1889 1076 1974 quod
1099 1890 1435 1967 Andaniae
1461 1889 1690 1956 titulus
1734 1890 2194 1957 celeberrimus
2219 1891 2539 1977 (Sauppez

272 2004 503 2069 Abhdl.
542 2003 602 2068 d.
642 2003 817 2069 Gott.
858 2003 1004 2068 Ges
1045 2003 1104 2068 d.
1135 2002 1232 2068 W.
1280 2009 1339 2083 8,
1390 2007 1534 2082 233,
1570 2008 1684 2085 323
1731 2008 1874 2083 239,
1909 2005 2017 2088 70)
2064 2008 2363 2088 repertus
2408 2009 2540 2069 est:

272 2117 383 2184 καὶ
433 2115 752 2184 θυσάντω
813 2126 923 2207 τᾷ·
948 2116 1071 2203 μὲν
1113 2114 1425 2202 Δάματρι
1478 2124 1607 2183 σῦν
1643 2113 1957 2197 samua,
2007 2114 2285 2204 Ἑρμᾶνι
2328 2115 2542 2202 κριόν,

272 2228 613 2315 Marcii-003
672 2237 859 2307 θεοῖς
923 2227 1207 2315 δοίμαλιν
1257 2236 1406 2309 σῦν,
1466 2224 1829 2296 Ἀπόλλωνι
1889 2232 2197 2319 Καρνείῳ
2261 2230 2541 2315 κάπρον,

265 2324 458 2432 Ἀγνᾷ
502 2337 625 2409 ὄϊν.
713 2340 1066 2406 Praeterea
1111 2338 1282 2405 aries
1340 2339 1711 2406 habebatur
1769 2361 1891 2424 pro
1950 2341 2241 2425 symbolo
2307 2342 2542 2425 gregis.

217 2457 222 2461 '
442 2451 669 2535 Neque
695 2474 847 2517 vero
873 2452 1208 2536 fingebant
1242 2452 1415 2517 hunc
1445 2452 1839 2519 Mercurium
1872 2453 2161 2537 regalem
2187 2460 2303 2519 aut
2332 2454 2540 2520 virum

272 2566 572 2647 nobilem,
619 2564 734 2638 sed
779 2586 1036 2649 semper
1077 2566 1290 2649 ipsum
1334 2570 1686 2650 pastorem,
1734 2565 2004 2631 arietem
2039 2566 2229 2633 modo
2273 2566 2541 2647 lacert0,

276 2678 467 2744 modo
511 2678 798 2745 humeris
859 2684 1249 2763 portantem,
1310 2677 1498 2744 modo
1553 2699 1772 2745 secum
1815 2675 2178 2745 ducentem.
2267 2680 2352 2744 Et
2396 2701 2541 2745 cum

274 2792 1003 2858 Pseudo-Dicaearchus
1046 2791 1363 2877 (Mueller,
1405 2791 1476 2856 F.
1507 2791 1588 2856 H.
1620 2791 1695 2857 G.
1720 2797 1756 2856 2
1803 2816 1866 2876 p.
1904 2797 2048 2872 257,
2094 2795 2160 2877 9)
2208 2792 2289 2858 de
2332 2792 2542 2857 Tana-

273 2906 489 2990 graeis
554 2904 932 2971 tradiderit:
1013 2904 1257 2984 πάντες
1317 2908 1626 2991 γεωργοί,
1687 2900 1813 2974 οὐκ
1859 2891 2144 2990 ἐργαῖαι,
2202 2911 2545 2989 praeterea

275 3022 492 3082 autem
551 3017 728 3083 aliud
775 3017 1113 3100 Tanagrae
1170 3037 1402 3081 nomen
1447 3016 1870 3082 Poemandris
1932 3018 2065 3082 sive
2116 3013 2547 3082 Poemandria

273 3130 475 3196 fuisse
511 3129 784 3208 dicatur,
831 3128 1018 3194 valde
1056 3128 1384 3212 quadrant
1417 3150 1496 3194 ea
1524 3128 1725 3194 verba
1756 3129 1840 3196 ad
1872 3130 2065 3196 deum
2093 3129 2543 3214 pastoricium3

274 3265 423 3308 nam
467 3264 547 3308 ex
591 3241 720 3307 illis
751 3241 1279 3307 PS.·Dicaearchi
1323 3240 1538 3307 verbis
1578 3241 2011 3326 colligendum
2044 3248 2145 3308 est
2176 3243 2544 3325 Tanagrae-

276 3376 460 3420 orum
521 3343 938 3438 magnopere
969 3353 1346 3419 interfuisse
1404 3360 1600 3438 prata
1656 3359 1723 3420 et
1777 3354 2062 3439 pecudes
2124 3360 2191 3420 et
2248 3360 2547 3420 armenta

273 3468 543 3552 pinguia
586 3465 808 3551 reddi3
857 3487 1052 3550 quam
1089 3466 1171 3532 ob
1205 3487 1343 3531 rem
1375 3467 1472 3532 rei
1512 3467 1861 3549 pecuariae
1890 3468 1958 3532 in
1988 3467 2103 3532 illa
2131 3467 2546 3533 veneratione

275 3579 662 3665 explicanda
722 3579 1008 3644 maxima
1057 3579 1153 3644 vis
1214 3579 1565 3646 tribuenda
1608 3600 1754 3646 esse
1798 3579 2073 3645 videtur.
2162 3580 2284 3645 Die
2327 3585 2546 3645 autem

275 3691 652 3758 Mercuriali
711 3692 982 3757 solemni
1027 3691 1290 3758 Curtius
1333 3692 1511 3778 (Ges,
1560 3692 1723 3760 Abh.
1775 3699 1830 3772 1,
1880 3692 1988 3777 54)
2049 3693 2282 3758 statuit
2337 3696 2545 3758 totum

275 3805 583 3891 populum
612 3804 734 3870 deo
757 3804 968 3869 denuo
991 3810 1320 3873 sacratum
1354 3824 1514 3870 esse.
1580 3806 1721 3884 Quo
1747 3825 1891 3870 cum
1919 3804 2086 3870 festo
2114 3804 2548 3888 expiationem

277 3918 688 3983 coniunctam
710 3916 911 3982 fuisse
934 3918 1071 3982 veri
1101 3917 1310 3982 simile
1335 3923 1466 3982 est:
1505 3922 1576 3982 at
1607 3917 1989 3982 contendam
2018 3937 2161 3982 eam
2186 3918 2547 3981 recentiore

278 4031 534 4096 demum
580 4033 796 4095 aetate
840 4029 1078 4095 ritibus
1125 4033 1328 4094 sacris
1375 4051 1514 4095 esse
1562 4029 1871 4094 additam.
1936 4030 2151 4094 Etiam
2183 4029 2548 4094 Pausaniae

274 4143 566 4208 narratio
624 4142 1120 4208 ratiocinatione
1180 4147 1338 4207 nata
1394 4164 1534 4209 esse
1596 4141 1852 4209 videtur
1897 4163 1977 4206 ex
2021 4142 2155 4207 ritu
2196 4141 2308 4207 illo
2356 4163 2547 4225 quem

277 4232 624 4340 quotannis
669 4255 924 4320 institui
968 4255 1294 4321 videbant.

450 4367 682 4433 Moneo
752 4373 969 4432 autem
1035 4367 1102 4431 in
1167 4367 1492 4433 nonnullis
1559 4367 1933 4451 regionibus
1999 4367 2196 4434 etiam
2251 4387 2423 4432 nunc
2478 4366 2548 4432 in

279 4482 664 4548 Sanctorum
720 4479 905 4547 festis
967 4479 1351 4568 oppidorum
1398 4479 1805 4569 quorundam
1844 4480 2006 4549 fines
2070 4478 2413 4568 circumiri,
2475 4484 2549 4556 ut
