3109 5375
1085 634 1624 719 ·-,27-

267 808 520 866 cantem
583 801 894 885 singulari
955 802 1307 867 certamine
1367 822 1509 867 cum
1579 801 1880 888 Neptuno
1939 801 2134 887 (Plut.
2187 825 2289 886 qu.
2356 824 2533 896 conv,
2694 814 2764 853 '³2

269 922 326 995 9,
353 916 438 1000 6),
487 936 632 979 cum
666 914 915 999 Gigone
961 914 1209 999 (Steph.
1241 915 1389 1000 Byz.
1425 938 1486 1001 p.
1525 920 1649 981 208
1686 916 1783 981 ed.
1818 914 2055 999 Mem),
2102 930 2245 981 cum
2283 917 2537 1001 Argivis

267 1027 530 1107 PerseO,
601 1048 744 1092 cum
809 1021 1136 1093 Thebanis
1203 1027 1519 1106 Pentheo,
1600 1031 1743 1092 cum
1812 1026 2171 1094 Thracibus
2240 1026 2535 1114 Lycurgo

268 1138 568 1205 ducibuS.
1589 1222 1604 1228 μ

439 1250 576 1315 Nec
638 1251 936 1317 Bacchus
1003 1252 1178 1317 solus
1247 1271 1390 1317 oum
1449 1251 1713 1317 Tritone
1777 1252 2118 1317 dimicasse
2177 1251 2536 1333 dicebatur,

269 1363 383 1428 sed
451 1364 646 1429 etiem
707 1363 1041 1445 HerculeS,
1112 1364 1294 1430 cuius
1360 1386 1617 1449 pugnae
1682 1364 2121 1431 testimonium
2187 1369 2402 1429 exstat
2472 1366 2538 1431 in

267 1476 490 1560 templi
546 1476 911 1560 fragmento
969 1477 1115 1541 Assi
1177 1481 1454 1562 reperto,
1545 1476 1857 1562 Stephani
1903 1476 2201 1563 (Compte
2254 1498 2304 1541 r.
2358 1462 2539 1557 1867,

272 1592 422 1672 162)
472 1590 702 1653 statuit
746 1609 888 1654 eam
933 1610 1215 1673 pugnam
1247 1589 1725 1672 antiquioribus
1757 1589 2159 1673 temporibus
2192 1587 2537 1654 celeberri-
2646 1599 2653 1606 ‘

267 1722 440 1795 mam
503 1700 720 1781 fuisse,
784 1722 928 1766 cum
974 1701 1168 1766 etiam
1215 1701 1480 1766 vascula
1523 1701 1727 1785 nigris
1771 1701 1997 1785 figuris
2040 1702 2219 1785 picta
2263 1702 2533 1767 eandem

267 1834 406 1879 rem
463 1813 839 1897 praebeant.
931 1815 1232 1879 Attamen
1292 1813 1382 1879 nil
1437 1814 1589 1879 inde
1639 1813 1975 1886 lucramur
2018 1813 2104 1878 ad
2147 1810 2431 1878 Tritonis
2477 1818 2547 1879 et

267 1925 487 1991 Liberi
533 1948 816 2010 pugnam
863 1920 1332 2011 explicandam.

443 2039 775 2118 Quomodo
819 2038 969 2103 illae
1012 2060 1271 2123 pugnae
1308 2037 1731 2123 explicandae
1766 2039 1911 2119 sint,
1957 2045 2176 2105 utrum
2222 2060 2303 2104 ex
2340 2038 2539 2104 rebus

267 2151 698 2231 naturalibuS,
740 2158 814 2216 ut
861 2151 1116 2217 Gilbert
1160 2151 1445 2239 (Griech.
1492 2151 1906 2217 Gotterlehre
1958 2154 2121 2233 1903
2170 2153 2321 2235 310)
2364 2150 2539 2216 arbi-

270 2269 503 2343 tratur,
552 2284 635 2328 an
666 2285 746 2328 ex
775 2265 1013 2350 pugnis
1041 2264 1220 2329 cultu
1253 2262 1573 2329 Bacchico
1618 2262 2044 2349 propagando
2077 2264 2256 2341 ortiS‚
2304 2262 2539 2327 diiudi-

273 2397 422 2441 care
467 2396 595 2439 non
654 2375 882 2455 aude0,
949 2398 1092 2441 cum
1137 2380 1432 2459 utraque
1493 2375 1843 2460 explicatio
1888 2369 2297 2459 argumentis
2334 2375 2543 2459 possit

270 2489 504 2554 fulciri.
595 2489 802 2568 Quam
834 2488 917 2553 ob
949 2510 1085 2553 rem
1124 2509 1251 2554 non
1285 2489 1527 2555 'mirum
1576 2493 1693 2569 est,
1741 2487 1913 2571 quod
1955 2486 2129 2572 apud
2164 2463 2538 2553 Eduardum

272 2601 492 2687 Meyer
569 2601 828 2688 (Gesch.
889 2601 946 2665 d.
997 2600 1224 2667 Altort.
1300 2606 1358 2681 2,
1418 2624 1478 2685 p.
1530 2606 1685 2683 1003
1747 2606 1902 2682 1163
1964 2600 2117 2687 732)
2184 2600 2541 2665 invenimus

273 2719 617 2798 utramque
650 2714 1144 2799 explicationem
1183 2714 1608 2780 coniunctam.
1696 2715 2049 2780 Praeterea
2090 2691 2158 2778 i‘d
2208 2723 2307 2778 est
2350 2735 2541 2798 repu-

273 2827 542 2893 tandum
605 2827 671 2890 in
731 2827 1134 2911 explicandis
1196 2827 1436 2892 fabulis
1511 2825 1832 2892 elementa
1893 2825 2331 2893 diversissima
2400 2847 2541 2892 esse

273 2939 732 3018 discernenda,
803 2959 945 3004 oum
1014 2960 1142 3003 uno
1205 2944 1497 3024 tempore
1568 2960 1694 3004 non
1761 2943 1941 3004 totae
2015 2937 2276 3003 fabulae
2346 2943 2542 3006 natae

273 3052 420 3115 sint.
511 3051 924 3136 Quapropter
981 3050 1376 3135 singulorum
1436 3057 1803 3135 temporum
1847 3051 2120 3135 vestigia
2171 3050 2543 3135 indaganda

276 3169 444 3228 sunt.

446 3276 694 3354 Restat,
762 3281 838 3341 ut
894 3275 1203 3340 nonnulla
1263 3275 1501 3340 addam
1547 3275 1629 3340 de
1674 3274 2042 3355 Calamidis,
2110 3297 2276 3360 quae
2334 3277 2543 3340 fertur

271 3395 511 3456 statua.
603 3388 672 3452 Si
716 3393 888 3452 esset
931 3409 1001 3452 re
1045 3409 1200 3453 vera
1244 3387 1621 3468 Calamidis,
1682 3391 1875 3471 quam
1920 3387 2239 3472 praebent
2279 3389 2542 3467 nummi,

272 3501 791 3584 antiquissimum
837 3500 1068 3566 fuisset
1113 3501 1478 3566 artificium.
1570 3499 1829 3565 Curtius
1875 3500 2130 3584 putavit
2172 3501 2239 3565 in
2282 3521 2542 3566 nummo

273 3614 384 3679 illo
428 3612 755 3678 Bacchum
804 3613 1152 3678 Calamidis
1198 3620 1270 3678 ut
1331 3612 1885 3681 adulescentulum
1944 3633 2319 3696 expressum
2384 3634 2541 3678 esse.

271 3727 513 3792 Contra
557 3726 889 3810 Collignon
955 3725 1216 3810 (Gesch.
1264 3725 1322 3791 d.
1371 3726 1480 3791 Gr.
1526 3725 1778 3800 Plastik
1824 3731 1877 3803 1,
1928 3723 2079 3810 420)
2140 3726 2371 3790 statuit
2424 3747 2544 3790 nec

272 3861 353 3904 ex
410 3843 668 3902 statuae
728 3837 960 3903 habitu
1020 3860 1140 3903 nec
1198 3859 1278 3903 ex
1336 3839 1575 3903 vestitu
1644 3837 1860 3922 colligi
1918 3858 2137 3922 posse,
2196 3838 2542 3920 imaginem

273 3951 518 4016 nummi
573 3949 893 4034 praebere
938 3956 1219 4016 statuam
1268 3950 1619 4016 Calamidis
1657 3970 2048 4034 expressam.
2138 3949 2239 4014 Sit-
2279 3949 2543 4015 habitus

271 4086 312 4129 a
371 4063 696 4146 scalptore
767 4067 1089 4146 mutatus;
1160 4084 1488 4129 nummum
1554 4067 1770 4127 autem
1838 4066 2121 4127 statuam
2194 4060 2543 4127 Calamidis

269 4175 607 4261 praebere,
651 4177 1036 4261 praesertim
1084 4199 1228 4242 cum
1273 4176 1451 4241 haud
1481 4176 1648 4240 bene
1678 4175 1764 4239 sit
1802 4179 2239 4254 conservatus,
2279 4174 2540 4241 demon-

271 4289 469 4354 strari
530 4309 656 4352 non
715 4309 923 4372 posse.
1017 4290 1167 4355 Veri
1229 4295 1448 4354 autem
1506 4286 1902 4354 simillimum
1964 4307 2103 4352 esse
2148 4286 2421 4366 videtur,
2486 4287 2541 4352 si

273 4402 534 4484 quando
599 4401 724 4467 fuit
793 4401 1049 4466 omnino
1111 4401 1460 4468 Calamidis
1522 4405 1742 4465 statua
1800 4398 2125 4464 Bacchica
2185 4399 2542 4483 Tanagrae,

273 4513 586 4580 artificem
633 4513 953 4603 quendam
993 4514 1340 4584 Calamidis
1384 4518 1671 4582 statuam
1719 4511 1831 4588 illo
1881 4518 2170 4610 tempore
2214 4511 2542 4610 perditam
